2606 3522
1181 190 1206 231 ἴ)

486 317 535 355 16
593 316 694 368 ipse,
723 328 862 354 nemus
891 314 1075 366 linquens
1105 315 1276 366 patrium
1306 312 1513 363 saltusque
1542 312 1706 364 Lycaei,

592 385 692 435 Pan,
722 384 857 423 ovium
887 389 1036 434 custos,
1064 389 1134 423 tua
1163 383 1197 423 si
1225 382 1300 423 tibi
1327 381 1516 422 Maenala
1545 395 1679 431 curae,

592 454 714 504 adsis,
745 469 767 494 o
796 454 992 506 Tegeaee,
1021 454 1175 503 favens,
1205 453 1395 504 oleaeque
1424 451 1611 491 Minerva

591 523 804 572 inventrix,

481 594 528 632 21
592 593 711 645 dique
741 592 919 644 deaeque
949 605 1099 641 omnes,
1129 591 1305 631 studium
1335 591 1481 643 quibus
1512 604 1606 627 arva
1635 590 1751 639 tueri,

485 663 536 700 24
593 667 718 712 tuque
748 661 864 711 adeo,
894 675 1013 712 quem
1042 674 1136 713 mox
1164 675 1266 712 quae
1296 661 1377 700 sint
1406 660 1594 699 habitura
1624 659 1790 698 deorum

591 731 760 770 concilia
787 731 982 771 incertum
1014 735 1087 779 est,
1118 760 1126 768 .
1146 760 1154 768 .
1173 760 1181 768 .
1241 728 1406 779 Caesar,

481 800 533 839 40
591 799 642 839 da
669 799 827 839 facilem
858 813 1018 839 cursum
1048 804 1168 851 atque
1199 798 1419 839 audacibus
1450 798 1580 838 adnue
1611 797 1779 850 coeptis.

214 866 409 908 Similiter
439 868 508 908 sed
538 869 740 909 astrictius
774 868 947 909 Ovidius
976 869 1016 908 in
1046 869 1263 908 Fastorum
1292 868 1489 921 principio

590 939 793 990 Tempora
823 952 913 976 cum
944 939 1075 977 causis
1104 938 1267 976 Latium
1298 937 1457 989 digesta
1484 951 1557 989 per
1586 951 1733 974 annum

678 1008 871 1060 lapsaque
902 1007 976 1046 sub
1006 1013 1134 1046 terras
1165 1012 1332 1058 ortaque
1363 1007 1478 1058 signa
1506 1021 1657 1046 canam.

591 1078 729 1130 excipe
758 1083 917 1129 pacato,
949 1075 1099 1116 Caesar
1128 1075 1382 1126 Germanice,
1413 1076 1527 1115 vultu

681 1145 759 1185 hoc
790 1160 890 1198 opus
920 1150 960 1184 et
989 1144 1151 1184 timidae
1182 1144 1310 1197 dirige
1340 1145 1451 1184 navis
1481 1145 1570 1194 iter,

507 1217 529 1256 5
588 1216 814 1268 officioque,
844 1215 972 1256 levem
1002 1230 1082 1255 non
1113 1220 1322 1255 aversatus
1352 1213 1558 1265 honorem,

680 1286 774 1324 huic
803 1286 875 1324 tibi
907 1285 1054 1323 devoto
1085 1285 1246 1323 numine
1277 1285 1417 1323 dexter
1445 1284 1553 1322 ades.

215 1354 278 1392 Ac
306 1354 471 1404 propius
503 1354 622 1393 etiam
654 1355 704 1393 ad
733 1355 860 1393 nostri
892 1355 1078 1393 carminis
1107 1355 1357 1405 prooemium
1387 1353 1584 1392 accedunt
1618 1367 1720 1403 quae
1751 1354 1906 1391 Aetnae
1935 1357 2055 1403 poeta
2085 1351 2158 1390 ini-

217 1422 274 1461 tio
303 1422 427 1462 libelli

591 1492 723 1532 Aetna
752 1492 848 1532 mihi
877 1491 1064 1545 ruptique
1096 1491 1205 1531 cavis
1237 1491 1465 1532 fornacibus
1495 1491 1608 1544 ignes

592 1568 631 1600 et
661 1576 763 1613 quae
793 1569 873 1601 tam
904 1562 1030 1600 fortes
1060 1562 1227 1600 volvant
1255 1562 1440 1600 incendia
1470 1576 1631 1611 causae,

591 1631 701 1683 quod
729 1632 873 1671 fremat
901 1631 1123 1683 imperium,
1155 1631 1253 1683 quid
1281 1645 1423 1671 raucos
1453 1636 1641 1683 torqueat
1671 1635 1819 1680 aestus,

592 1715 751 1740 carmen
781 1701 867 1740 erit.
909 1700 1050 1740 dexter
1078 1701 1215 1740 venias
1245 1700 1355 1751 mihi,
1386 1701 1572 1740 carminis
1603 1706 1756 1750 auctor,

510 1772 532 1810 5
592 1785 663 1811 seu
693 1776 731 1810 te
760 1771 948 1810 Xanthos
981 1771 1105 1810 habet
1134 1784 1206 1810 seu
1226 1760 1363 1811 'Delos
1393 1771 1543 1823 gratior
1571 1771 1640 1810 illa

594 1855 665 1880 seu
696 1840 769 1880 tibi
799 1840 974 1879 Dodona
1002 1841 1148 1893 potior,
1178 1845 1392 1892 tecumque
1422 1841 1602 1880 faventes

594 1911 634 1948 in
665 1924 771 1948 nova
799 1910 931 1949 Pierio
961 1914 1179 1962 properent
1209 1924 1232 1948 a
1260 1911 1368 1950 fonte
1400 1924 1560 1950 sorores

592 1984 707 2018 vota:
738 1993 811 2031 per
839 1978 1043 2019 insolitum
1073 1978 1239 2019 Phoebo
1270 1978 1372 2019 duce
1403 1979 1530 2019 tutius
1561 1979 1653 2018 itur.

218 2053 287 2089 aut
318 2062 418 2101 quae
448 2048 648 2088 Martialis
679 2049 841 2101 scripsit
869 2049 910 2087 in
942 2050 1069 2101 quinti
1098 2049 1189 2088 libri
1221 2049 1508 2102 epigrammate
1538 2050 1666 2102 primo

592 2118 684 2155 Hoc
713 2118 799 2166 tibi,
829 2119 1031 2156 Palladiae
1063 2133 1133 2157 seu
1164 2119 1333 2157 collibus
1363 2120 1485 2157 uteris
1516 2120 1661 2168 Albae,

684 2186 845 2236 Caesar,
877 2194 916 2226 et
945 2187 1037 2226 hinc
1067 2188 1242 2227 Triviam
1272 2188 1484 2240 prospicis,
1514 2187 1605 2228 inde
1634 2187 1796 2236 Thetin,

593 2273 663 2298 scu
693 2263 764 2297 tua
792 2256 991 2298 veridicae
1022 2257 1182 2299 discunt
1210 2272 1403 2311 responsa
1433 2272 1606 2309 sorores,

684 2327 804 2379 plana
833 2328 1051 2367 suburbani
1082 2341 1161 2379 qua
1190 2328 1310 2368 cubat
1338 2328 1447 2366 unda
1476 2329 1579 2377 freti,

511 2399 533 2435 5
593 2412 662 2436 seu
691 2397 823 2448 placet
853 2398 1015 2436 Aeneae
1045 2397 1193 2446 nutrix,
1224 2411 1296 2435 seu
1325 2397 1407 2434 filia
1438 2396 1559 2447 Solis,

685 2466 768 2504 sive
799 2466 1011 2505 salutiferis
1043 2466 1239 2506 candidus
1268 2467 1412 2505 Anxur
1442 2467 1570 2518 aquis,

593 2535 799 2584 mittimus,
830 2550 853 2573 o
883 2550 1014 2574 rerum
1043 2537 1139 2574 felix
1167 2537 1293 2575 tutela
1322 2536 1524 2586 salusque,

687 2604 838 2656 sospite
868 2619 947 2656 quo
978 2610 1136 2658 gratum
1168 2603 1367 2645 credimus
1399 2619 1487 2645 esse
1517 2605 1667 2645 Iovem.

595 2678 640 2713 tu
669 2677 826 2712 tantum
856 2674 1043 2728 accipias,
1073 2688 1149 2728 ego
1179 2680 1218 2714 te
1248 2674 1395 2728 legisse
1425 2674 1577 2728 putabo

488 2745 536 2781 10
691 2748 730 2781 et
758 2743 936 2782 tumidus
967 2744 1085 2782 Galla
1117 2745 1353 2783 credulitate
1383 2746 1505 2783 fruar.

219 2814 295 2853 His
333 2813 525 2865 exemplis
560 2827 639 2851 non
675 2819 825 2851 temere
862 2827 885 2851 a
918 2813 1035 2853 nobis
1073 2815 1266 2866 expositis
1301 2815 1378 2854 hoc
1408 2814 1664 2867 perspicuum
1693 2827 1782 2853 esse
1812 2818 1965 2865 potest,
1992 2812 2165 2865 Vergilii

221 2884 476 2935 interpretes,
511 2882 578 2933 qui
607 2881 788 2934 plerique
820 2896 957 2922 omnes
987 2897 1010 2921 a
1039 2883 1172 2922 verbis
1207 2883 1244 2922 T
1243 2899 1268 2921 u
1297 2884 1393 2923 mihi
1420 2899 1457 2922 v.
1480 2886 1503 2923 6
1534 2898 1679 2922 novam
1709 2889 1861 2935 partem
1891 2882 2077 2921 carminis
2105 2882 2165 2920 in-

224 2958 383 2991 euntem
418 2951 590 3000 faciunt,
629 2965 719 2989 cum
757 2958 973 2989 secernunt
1011 2966 1113 3002 quae
1151 2953 1289 2991 intime
1329 2967 1509 2991 connexa
1546 2958 1656 3001 suut,
1692 2958 1837 3004 poetae
1873 2957 2048 2990 mentem
2085 2965 2165 2989 non

224 3036 310 3062 esse
340 3025 566 3062 assecutos:
602 3035 682 3073 quo
711 3020 818 3061 facto
848 3036 976 3074 paene
1005 3022 1149 3062 mirum
1178 3037 1257 3062 non
1289 3028 1361 3074 est,
1392 3022 1556 3063 eosdem
1584 3022 1681 3062 mihi
1707 3020 1955 3075 pronominis
1985 3027 2166 3061 naturam
