2606 3522
0 3064 7 3194 g

1302 177 1354 218 15

354 311 573 353 maceutria
607 310 767 355 fatetur,
806 318 856 343 ne
891 304 967 343 sibi
1002 302 1162 354 quidem
1199 299 1307 353 quod
1346 297 1490 336 ancilla
1524 294 1846 334 animadverterit
1881 305 2026 329 vanum
2063 288 2188 327 videri
2225 292 2294 325 aut

359 388 510 422 temere
540 378 747 425 accidisse,
778 388 868 413 cum
897 371 1134 426 praesertim
1163 370 1257 408 huic
1283 368 1450 407 alterum
1471 365 1635 405 accedat
1653 363 1843 402 indicium
1874 363 1927 412 (et
1945 360 2084 412 Hylax
2102 360 2145 395 in
2167 358 2295 395 limine

358 452 512 502 latrat),
543 447 651 500 quod
681 444 829 483 certius
860 442 1075 481 adventum
1106 438 1288 490 coniugis
1318 436 1584 489 praenuntiet.
1638 433 1753 483 Quae
1785 432 1818 471 si
1846 432 1902 469 ita
1930 436 2033 469 recte
2063 427 2294 478 intelligun-

358 526 438 571 tur,
467 530 607 558 versus
637 514 777 553 tertius
808 525 889 551 non
917 510 1050 563 potuit
1078 509 1155 547 nisi
1185 507 1260 546 hoc
1289 506 1379 545 loco
1409 505 1522 558 poni:
1554 503 1618 542 cui
1639 503 1671 541 si
1690 499 1959 554 praemittitur
1979 502 2158 549 quartus,
2187 510 2292 533 rum-

357 590 466 643 pitur
496 601 543 626 ea
571 598 690 637 quam
719 582 812 621 huic
842 595 933 620 cum
963 577 1234 631 superioribus
1265 589 1352 615 esse
1374 574 1545 613 diximus
1567 572 1853 612 sententiarum
1873 566 2142 607 necessitudo.
2187 564 2294 603 Con-

357 663 420 697 tra
456 656 525 708 qui
561 657 727 705 quartus
757 655 837 699 est,
872 649 929 688 illi
966 654 1058 700 apte
1089 646 1310 693 subiicitur,
1349 642 1565 683 credimus?
1600 656 1654 680 an
1683 642 1751 692 qui
1778 645 1915 678 amant
1944 638 2020 689 ipsi
2047 636 2119 673 sihi
2145 635 2292 673 somnia

349 725 528 778 fimum,
566 721 634 773 qui
668 717 1048 772 pharmaceutriam‚
1086 715 1205 755 modo
1243 727 1312 767 spe
1351 712 1567 760 sublatam,
1604 715 1648 748 ut
1683 714 1744 748 est
1778 708 1923 746 amoris
1958 711 2118 753 natura,
2156 716 2292 741 rursus

360 793 613 834 vacillantem
650 803 696 828 ac
731 788 780 827 de
816 787 988 840 duplicis
1024 785 1161 824 indicii
1194 783 1274 822 fide
1311 782 1577 834 ambigentem
1613 779 1777 831 probat:
1817 777 1884 815 illa
1918 789 2012 813 vero
2049 773 2207 812 dubitat
2246 786 2291 810 co

359 862 551 915 temporis
580 866 729 912 puncto
760 873 839 909 quo
870 857 1001 896 evenit
1032 854 1140 906 quod
1169 867 1285 893 omen
1316 851 1566 904 significavit.

729 927 895 980 parcite,
926 925 974 965 ab
1003 924 1101 963 urbe
1132 923 1253 971 venit,
1282 922 1360 960 iam
1388 920 1552 973 parcite,
1582 918 1771 966 carmina,
1801 914 1999 967 Daphnis.

330 1042 333 1044 ,
362 1003 560 1056 Apposite
596 999 696 1038 haec
730 998 862 1037 omnia
894 1000 1014 1049 poeta
1047 994 1279 1047 ingeniosus
1309 990 1481 1030 instituit
1511 994 1551 1027 et
1581 987 1807 1034 adornavit,
1844 986 1958 1023 cuius
1989 988 2113 1021 artem
2143 982 2290 1031 ubique

361 1072 430 1112 sed
458 1069 662 1123 praeclare
691 1069 732 1106 in
763 1073 938 1106 extremo
969 1065 1141 1103 carmine
1171 1063 1408 1102 eminentem
1437 1059 1617 1111 plerique
1648 1058 1851 1109 ignorant,
1887 1054 1954 1105 qui
1985 1067 2078 1092 vero
2110 1057 2288 1091 correcto

362 1139 500 1181 ordine
529 1136 796 1179 adiuvandam
826 1134 1040 1183 duxerunt,
1070 1147 1141 1173 suo
1172 1131 1366 1171 arbitratu
1395 1143 1474 1168 non
1502 1127 1642 1166 leviter
1672 1126 1950 1178 depravarunt.

547 1227 633 1268 Ser.
663 1225 839 1266 Berolini
868 1239 918 1263 m.
939 1222 1159 1263 Novembri
1190 1234 1224 1259 a.
1246 1207 1713 1258 M—DCCCLXX'XVII.

363 1395 425 1432 Sic
452 1395 546 1429 enim
572 1393 662 1428 haec
689 1390 881 1427 scribenda
908 1393 944 1424 et
967 1386 1222 1434 distinguenda
1242 1391 1340 1421 sunt:
1370 1383 1535 1430 pluribus
1556 1379 1752 1428 propositis
1771 1391 1864 1425 quae
1883 1378 1960 1414 fieri
1980 1377 2121 1425 possint
2149 1376 2209 1422 (de
2228 1375 2291 1411 Li-

363 1459 440 1500 bra,
467 1457 511 1491 de
532 1455 712 1498 Geminis„
740 1454 783 1488 de
801 1453 890 1488 Iove
918 1464 997 1487 cum
1018 1449 1194 1494 Saturno)
1223 1448 1375 1493 denique
1403 1446 1558 1480 affirmat
1586 1446 1697 1478 nescio
1726 1444 1818 1489 quod
1845 1449 1931 1476 certe
1956 1448 2006 1476 est
2027 1447 2168 1481 astrum,
2199 1440 2292 1484 quod

364 1533 414 1555 me
442 1521 500 1555 tibi
527 1525 697 1565 temperat.
742 1516 815 1561 Qui
841 1517 1096 1561 interpungunt
1121 1515 1234 1548 nescio
1262 1513 1364 1557 quod,
1393 1516 1480 1544 certe
1508 1515 1556 1543 est
1583 1514 1618 1542 et
1646 1508 1735 1541 duas
1763 1519 1811 1540 ex
1836 1517 1907 1539 una
1926 1505 2062 1539 faciunt
2081 1504 2289 1543 sententias,

363 1583 518 1618 orationi
547 1583 577 1617 si
606 1581 689 1628 quid
718 1580 893 1615 sentimus
921 1589 993 1613 non
1021 1576 1261 1618 satisfaciunt,
1288 1586 1359 1608 non
1387 1573 1503 1618 magis
1531 1583 1637 1617 quam
1659 1570 1779 1605 versui
1799 1568 2009 1614 Vergilia-no
2037 1567 2262 1612 interpretes.
