2606 3522
1441 194 1495 235 14

496 331 577 368 qua
611 316 650 356 in
686 332 729 357 re
765 318 1019 370 exsequenda
1049 318 1143 370 quia
1172 322 1351 357 moratur
1378 323 1424 357 ut
1453 316 1615 367 ancilla,
1649 316 1797 357 factum
1828 322 1889 357 est
1917 322 1962 357 ut
1992 322 2033 357 et
2062 317 2256 371 aspiceret
2285 322 2325 357 et
2355 323 2437 359 stu-

494 386 655 439 pefacta
686 386 887 428 dominam
917 388 1092 440 aspicere
1122 388 1281 428 iuberet
1302 386 1399 438 quid
1420 386 1551 427 subito
1572 386 1614 426 in
1635 387 1766 427 cinere
1788 385 2011 426 accidisset.
2058 386 2179 428 Certe
2199 386 2322 427 verba
2341 388 2436 427 dum

483 456 597 505 serre
631 470 760 496 moror
792 471 841 496 ne
875 457 1051 495 artificiis
1088 457 1249 508 quidem
1278 456 1586 508 interpretandi,
1621 457 1767 507 quibus
1796 456 2032 508 plerumque
2060 462 2240 506 utuntur,
2275 456 2433 495 efficere

494 525 628 577 possis
662 532 707 565 ut
735 526 775 565 in
804 526 1164 578 pharmaceutriam
1195 525 1391 577 quadrare
1421 525 1644 575 videantur,
1682 539 1805 576 quae,
1840 530 1885 563 ut
1914 525 1956 564 in
1984 525 2215 578 promendis
2245 530 2313 564 aut
2342 524 2434 565 seli·-

496 593 638 646 gendis
674 595 808 634 herbis
839 608 885 633 ac
914 595 1076 633 venenis
1107 601 1304 647 occupata
1335 601 1436 644 erat,
1472 608 1552 632 non
1581 594 1714 646 potuit
1742 594 1832 646 ipsa
1859 595 1961 633 velle
1990 596 2092 635 ferre
2123 595 2295 644 cineres,
2331 608 2433 646 quos

493 676 697 702 removere
727 663 910 702 ancillam
939 665 1121 702 iusserat.
1180 663 1324 714 Itaque
1353 663 1431 701 hoc
1461 662 1636 701 dandum
1667 668 1728 702 est
1757 663 1949 702 orationis
1979 664 2273 716 perspicuitati,
2302 677 2432 714 neque

492 732 549 770 ita
582 731 920 781 ratiocinandum,
954 738 1117 784 poetam
1153 733 1222 784 qui
1255 747 1326 785 per
1360 738 1490 771 totum
1525 745 1684 771 carmen
1718 731 2081 784 pharmaceutriam
2115 733 2346 785 loquentem
2373 732 2432 771 fa-

493 801 590 850 ciat,
625 815 704 840 non
739 815 858 853 posse
894 802 1017 841 semel
1052 802 1235 842 ancillam
1271 801 1581 855 respondentem
1616 800 1798 840 dominae
1834 800 2037 842 inducere.
2094 802 2201 842 Nam
2236 801 2332 854 quid
2365 801 2431 841 ille

491 870 630 909 feeerit
665 876 733 909 aut
766 872 944 923 potuerit
979 872 1130 921 facere,
1168 886 1242 911 nos
1277 886 1358 911 non
1392 885 1607 924 possumus
1642 871 1717 909 nisi
1749 884 1797 909 ex
1826 871 1874 910 iis
1904 885 2007 922 quae
2038 871 2136 911 dicit
2166 885 2429 924 cognoscere3

492 945 530 977 et
558 940 591 978 is
622 940 801 990 quidem,
838 955 1078 992 quamquam
1108 941 1294 981 carminis
1324 941 1425 981 ratio
1455 940 1617 980 vetabat
1644 940 1874 991 loquentem
1904 939 2092 990 indicari,
2122 941 2300 981 oratione
2330 941 2428 981 scite

489 1009 672 1048 instituta
710 1009 834 1059 cavit,
881 1025 930 1049 ne
969 1010 1179 1050 consilium
1216 1024 1331 1050 suum
1371 1015 1522 1050 attente
1561 1010 1760 1063 legentem
1797 1009 1965 1049 falleret.
2026 1008 2108 1051 Sed
2145 1015 2191 1049 ut
2226 1009 2294 1049 illa
2329 1023 2430 1061 quae

489 1078 658 1117 dicimus
688 1079 927 1130 Amaryllidi
961 1080 1174 1119 tribuenda
1209 1085 1321 1129 sunt,
1357 1081 1413 1118 sic
1442 1093 1581 1118 versus
1616 1085 1782 1130 quartus
1813 1079 1921 1117 haud
1951 1080 2137 1131 ambigue
2168 1080 2428 1131 pharmaceu-

488 1148 602 1186 triam
638 1163 772 1187 amore
806 1148 1044 1201 flagrantem
1080 1150 1220 1198 refert,
1256 1149 1469 1188 credimus?
1511 1164 1564 1187 an
1593 1149 1663 1200 qui
1695 1155 1833 1187 amant
1863 1149 1940 1201 ipsi
1967 1147 2041 1188 eibi
2067 1149 2215 1188 somnia
2239 1148 2428 1201 finqunt?

484 1215 628 1268 Itaque
664 1217 861 1268 reliquum
897 1223 959 1257 est
992 1224 1037 1257 ut
1071 1217 1325 1267 diiudicetur,
1363 1232 1441 1269 quo
1477 1216 1597 1257 modo
1633 1217 1676 1256 hi
1710 1230 1850 1256 versus
1886 1221 2089 1268 quattuor,
2125 1217 2312 1269 quoniam
2345 1231 2426 1256 non

485 1292 578 1324 sunt
608 1287 725 1325 unius
756 1301 965 1337 personae,
996 1286 1225 1325 dividantur
1254 1287 1294 1325 in
1325 1287 1436 1326 duas.
1484 1286 1574 1336 Quo
1605 1287 1712 1325 facto
1744 1285 1860 1325 simul
1890 1285 1990 1324 illud
2018 1285 2185 1337 patefiet
2213 1300 2308 1325 num
2330 1286 2425 1337 quid

482 1355 691 1395 turbarum
728 1360 859 1395 ortum
890 1355 941 1394 sit
974 1356 1014 1395 in
1045 1355 1202 1406 ordine,
1239 1355 1348 1407 quod
1378 1369 1464 1395 esse
1495 1354 1666 1395 diximus
1697 1354 1765 1407 qui
1795 1353 2013 1395 crederent.
2074 1353 2166 1406 Qua
2194 1354 2236 1394 in
2266 1360 2424 1395 contro-

481 1425 609 1464 versia
642 1439 717 1464 nos
752 1425 808 1463 ita
843 1438 1070 1474 censemus,
1104 1439 1185 1463 non
1219 1425 1310 1477 plus
1344 1439 1463 1477 quam
1498 1425 1577 1463 duo
1608 1438 1747 1463 versus
1785 1424 1941 1475 priores
1977 1423 2049 1463 sed
2084 1424 2158 1463 hos
2193 1429 2301 1463 totos
2337 1439 2425 1464 esse

481 1494 775 1547 Amaryllidos,
812 1509 914 1546 quae
953 1508 1042 1533 cum
1082 1509 1131 1533 ex
1168 1496 1321 1543 cinere,
1362 1509 1480 1546 quem
1516 1495 1671 1533 auferre
1705 1495 1816 1533 iussa
1850 1498 1954 1543 erat,
1994 1493 2087 1532 dum
2123 1500 2314 1544 moratur,
2352 1509 2425 1534 sua

482 1570 626 1616 sponte
656 1564 856 1603 flammam
886 1570 1117 1604 nascentem
1149 1565 1359 1616 aspiceret,
1389 1564 1430 1603 id
1459 1579 1539 1603 non
1569 1564 1702 1616 potuit
1731 1578 1810 1602 non
1841 1562 1985 1602 ominis
2010 1563 2099 1602 loco
2122 1562 2284 1613 habere,
2314 1563 2423 1615 quod

479 1638 524 1671 ut
554 1633 704 1673 bonum
735 1640 774 1672 et
803 1634 979 1674 faustum
1010 1634 1061 1673 sit
1090 1647 1211 1673 causa
1241 1633 1424 1672 dominae
1455 1634 1538 1672 suis
1567 1633 1672 1672 votis
1702 1637 1889 1685 precatur
1917 1632 2072 1672 ancilla.

854 1703 1002 1754 aspice,
1033 1703 1224 1754 corripuit
1253 1703 1431 1741 tremulis
1462 1702 1602 1740 altaria
1629 1701 1799 1741 flammis

853 1777 996 1822 sponte
1026 1785 1112 1819 sua,
1141 1771 1235 1809 dum
1266 1772 1368 1809 ferre
1398 1785 1546 1819 moror,
1576 1771 1675 1809 cinis
1705 1771 1805 1821 ipse.
1847 1770 1998 1808 bonum
2027 1770 2089 1808 sit.

480 1838 611 1889 Quam
643 1840 790 1893 excipit
818 1839 1153 1893 pharmaceutria,
1184 1840 1247 1879 cui
1276 1839 1355 1879 duo
1385 1853 1525 1879 versus
1554 1839 1799 1892 posteriores
1830 1838 2106 1879 adscribimus.

853 1909 988 1947 nescio
1019 1909 1116 1959 quid
1146 1914 1250 1947 certe
1282 1915 1356 1957 est,
1387 1914 1427 1946 et
1455 1908 1590 1960 Hylax
1618 1908 1659 1946 in
1688 1908 1822 1946 limine
1851 1908 1981 1946 latrat.

853 1976 1074 2016 credimus?
1123 1991 1173 2016 an
1204 1977 1272 2029 qui
1302 1982 1436 2015 amant
1464 1977 1540 2029 ipsi
1573 1977 1647 2017 sibi
1678 1977 1833 2016 somnia
1860 1976 2049 2029 fingunt?

477 2044 591 2096 Quae
623 2045 732 2098 quod
762 2046 818 2085 ita
847 2045 944 2085 dicit
973 2048 1095 2085 nescio
1125 2048 1223 2100 quid
1251 2054 1347 2086 certe
1375 2053 1429 2086 est
1456 2046 1648 2098 loquitur,
1683 2051 1728 2085 ut
1762 2045 1944 2086 Catullus
1973 2046 2132 2086 locutus
2164 2051 2243 2096 est,
2280 2046 2348 2099 qui
2377 2047 2418 2086 in

474 2116 647 2154 carmine
678 2116 926 2168 octogesimo
957 2115 1097 2154 scribit

851 2183 959 2234 Quid
989 2185 1133 2234 dicam,
1163 2184 1287 2234 Gelli,
1319 2200 1441 2236 quare
1471 2199 1588 2224 rosea
1617 2185 1694 2223 ista
1722 2184 1867 2224 labella

939 2254 1105 2295 hiberna
1133 2254 1232 2293 fiant
1263 2253 1495 2293 candidiora
1524 2254 1615 2293 nive
1647 2283 1655 2292 .
1674 2284 1683 2292 .
1702 2283 1711 2293 .

848 2323 985 2363 nescio
1016 2323 1113 2375 quid
1142 2328 1250 2362 certe
1281 2328 1358 2361 est:
1391 2337 1440 2361 an
1472 2336 1564 2361 vere
1594 2323 1700 2361 fama
1729 2328 1910 2361 susurrat
1941 2351 1949 2359 .
1967 2351 1975 2359 .
1994 2351 2002 2359 .

471 2392 704 2446 significans
735 2398 840 2431 certe
870 2406 948 2431 non
979 2392 1028 2431 de
1058 2392 1182 2430 nihilo
1213 2406 1300 2430 esse
1322 2392 1363 2430 id
1383 2392 1495 2430 cuius
1517 2405 1678 2430 causam
1697 2391 1920 2443 indagaffl).
1970 2391 2120 2431 Iisdem
2141 2392 2272 2431 verbis
2291 2393 2412 2444 phar-

658 2581 695 2627 ὕ)
737 2580 880 2618 Similia
908 2588 994 2617 sunt
1021 2582 1140 2617 Persii
1166 2583 1203 2617 in
1233 2582 1346 2617 satira
1373 2582 1509 2627 quinta.

834 2645 881 2679 45
935 2656 1008 2679 non
1036 2644 1203 2690 equidem
1233 2645 1301 2678 hoc
1330 2645 1472 2679 dubites
1501 2645 1688 2678 amborum
1716 2644 1862 2678 foedere
1889 2650 1987 2678 certo

933 2708 1138 2741 consentire
1166 2708 1242 2740 dies
1271 2713 1306 2740 et
1333 2708 1378 2740 ab
1406 2719 1477 2740 uno
1506 2707 1624 2741 sidere
1652 2707 1745 2740 duci.

932 2775 1059 2803 nostra
1087 2768 1144 2803 vel
1172 2768 1315 2813 aequali
1344 2768 1532 2815 suspendit
1558 2776 1724 2813 tempora
1750 2767 1863 2802 Libra

931 2843 1043 2876 parca
1070 2837 1180 2865 tenax
1209 2832 1297 2873 veri,
1326 2842 1391 2865 seu
1420 2837 1505 2864 nata
1531 2831 1699 2865 fidelibus
1728 2831 1819 2865 hora

933 2894 1062 2929 dividit
1089 2894 1125 2929 iu
1154 2892 1332 2929 Geminos
1361 2893 1554 2929 concordia
1581 2893 1657 2928 fata
1683 2892 1848 2937 duorum,

831 2957 878 2992 50
932 2955 1199 3002 Saturnumque
1225 2967 1371 3002 gravem
1400 2961 1525 2990 nostro
1554 2956 1640 2990 Iove
1666 2955 1868 3001 frangimus
1897 2967 1977 2990 una.

930 3021 1052 3054 nescio
1081 3021 1178 3065 quod
1205 3026 1300 3054 certe
1328 3027 1384 3054 est
1410 3021 1507 3064 quod
1535 3032 1591 3053 me
1619 3020 1683 3053 tibi
1713 3025 1888 3064 temperat
1915 3028 2061 3053 astrum.
