2606 3522
1317 182 1369 226 11

376 311 469 363 lius)
498 311 540 350 in
571 310 691 349 tribus
720 323 744 348 a
774 307 940 347 bucolico
969 307 1138 345 carmine
1166 306 1232 344 sed
1259 319 1347 344 cum
1377 307 1619 345 eaecusatione
1648 307 1827 355 discessit,
1857 320 1937 345 non
1961 307 2039 347 1100
2063 308 2171 356 dicit,
2202 307 2310 359 quod

372 380 575 420 nonnullis
596 380 726 419 visum
756 383 831 426 est,
863 390 1008 428 corpus
1038 375 1267 419 bucolicum
1296 389 1377 414 non
1407 376 1498 427 plus
1528 376 1663 415 decem
1682 376 1819 427 idyllia
1839 378 2088 428 complexum
2111 378 2310 418 exstitisse

375 463 500 500 eoque
519 442 743 501 Vergilium
772 459 889 485 usum
920 459 1021 494 esse,
1052 459 1190 483 verum
1219 444 1318 483 illud
1346 445 1480 496 potius
1506 445 1546 483 in
1576 445 1776 484 volumine
1806 445 2025 485 carminum
2051 446 2309 486 Theocriteo-

370 533 456 557 rum
492 518 683 570 ampliore
719 521 759 555 et
788 514 887 554 varii
922 513 1099 566 generis,
1135 513 1252 565 quale
1288 513 1366 552 hoc
1402 519 1462 553 est
1493 513 1600 565 quod
1631 527 1704 554 nos
1734 513 1854 553 hodie
1883 515 2072 567 legimus,
2107 529 2187 553 non
2217 516 2307 567 plus

371 601 490 638 quam
520 587 657 626 decem
687 585 826 637 idyllia
853 598 960 622 mere
990 583 1171 622 bucolica
1199 583 1341 631 fuisse3
1374 583 1481 635 quod
1501 598 1640 622 verum
1667 588 1742 633 est,
1772 583 1890 623 modo
1913 584 1961 624 ab
1982 585 2048 623 illo
2069 591 2154 624 tum
2177 599 2307 625 exem-

368 657 469 709 plari
503 656 640 708 idyllia
671 656 723 694 20
753 659 792 693 et
823 654 871 691 27
904 653 1078 692 abfuisse
1114 658 1287 702 statuas,
1325 667 1427 704 quae
1465 667 1487 691 a
1516 653 1731 692 Theocrito
1762 654 1943 705 profecta
1972 668 2053 693 non
2083 669 2168 694 0550
2197 654 2306 694 docti

368 727 632 765 consentiunt.
698 723 827 775 quue
868 721 1051 762 Servium
1092 722 1239 761 dixisse
1278 736 1325 761 eo
1365 722 1546 762 stabilius
1583 722 1712 761 videri
1751 729 1910 775 oportet
1949 737 2025 774 quo
2063 724 2190 776 magis
2228 724 2304 763 1100

368 796 621 848 Vergilianae
656 793 890 832 imitationis
925 791 1072 831 indicio
1110 792 1376 832 confirmatur.
1437 790 1708 840 Quamobrem
1743 793 1966 832 obtinemus
1999 807 2085 832 eam
2117 808 2234 845 quam
2264 794 2304 833 in

367 865 571 918 prooemio
598 879 632 905 a.
649 873 913 904 MDCCCLXXV
932 875 971 914 p.
989 862 1014 901 4
1040 860 1289 902 defendimus
1317 861 1567 912 sententiam,
1597 875 1725 914 neque
1752 861 1801 900 ab
1829 876 1875 901 ea
1898 876 1972 902 nos
1994 862 2151 902 seduxit
2171 863 2302 903 Theo-

369 935 454 973 dori
473 934 574 973 Birti
598 933 787 972 iudicium
814 933 881 983 qui
907 932 948 969 in
972 932 1074 970 libro
1100 931 1261 983 perutili
1287 946 1405 982 quem
1425 933 1521 971 fecit
1541 932 1590 971 de
1611 937 1788 971 veterum
1811 947 1851 970 re
1872 934 2031 972 libraria
2058 935 2115 985 (p.
2134 935 2211 972 394
2221 936 2300 986 sq.)

367 1004 407 1042 in
437 1003 675 1043 contrariam
705 1006 859 1054 partem
891 1000 1081 1052 disputat.
1131 1000 1239 1039 Illud
1269 1000 1465 1050 addimus,
1495 1001 1547 1039 ad
1577 1001 1679 1039 hanc
1699 1015 1859 1039 causam
1880 1002 1982 1039 forte
2003 1002 2162 1053 relapsi,
2194 1002 2300 1053 quod

365 1078 450 1111 tum
480 1086 552 1111 nos
583 1086 677 1111 casu
706 1071 926 1123 praeteriit,
956 1070 1080 1109 verba
1100 1069 1229 1109 Servii
1253 1070 1312 1108 M.
1335 1070 1557 1121 Hauptium
1588 1070 1636 1109 de
1659 1069 1866 1122 Calpurnii
1897 1077 1937 1109 et
1954 1070 2184 1109 Nemesiani
2215 1086 2300 1110 car-

365 1143 537 1181 minibus
566 1141 759 1180 bucolicis
790 1145 975 1191 agentem
1006 1140 1116 1191 (opp.
1143 1142 1177 1188 l,
1200 1140 1296 1191 365)
1327 1153 1408 1177 non
1439 1140 1551 1178 aliter
1580 1154 1626 1178 30
1655 1154 1728 1179 1105
1760 1154 1845 1180 0550
1876 1141 2190 1192 interpretatum.

551 1208 719 1260 Singula
750 1222 932 1247 enarrare
961 1207 1159 1256 nolumus,
1192 1208 1374 1258 quamvis
1400 1222 1480 1246 non
1500 1221 1629 1259 pauca
1650 1208 1730 1247 sint
1750 1209 1790 1246 111
1811 1215 1980 1260 utroque
2004 1209 2176 1249 carmine
2198 1224 2297 1261 quae

363 1279 590 1331 interpretis
627 1277 801 1317 officium
832 1282 1078 1330 exspectent.
1137 1274 1219 1317 Sed
1247 1290 1322 1317 nos
1353 1275 1403 1316 ad
1432 1275 1551 1316 finem
1583 1278 1896 1317 commentarioli
1927 1278 2051 1317 nostri
2081 1291 2296 1330 properau-

362 1354 423 1388 tes
458 1348 615 1388 omissis
651 1347 737 1387 aliis
773 1360 897 1386 unum
931 1347 1060 1385 locum
1097 1347 1165 1397 qui
1200 1352 1261 1385 est
1295 1347 1335 1384 in
1371 1352 1547 1385 extremo
1578 1347 1750 1385 carmine
1781 1348 1905 1386 altero
1935 1348 2109 1386 breviter
2139 1348 2296 1400 discep-

363 1419 553 1458 tabimus:
592 1418 704 1457 cuius
735 1418 836 1469 'quae
867 1422 928 1455 est
958 1416 1198 1465 obscuritas,
1233 1430 1322 1454 cum
1352 1416 1473 1468 vulgo
1504 1431 1583 1454 non
1612 1423 1864 1466 removeant,
1899 1417 2012 1456 multi
2042 1431 2090 1456 ne
2121 1418 2296 1456 sentiant

363 1488 540 1538 quidem,
575 1488 781 1526 Theocriti
816 1501 891 1538 ope
927 1487 967 1525 in
1002 1500 1049 1525 ea
1084 1491 1197 1537 parte
1231 1486 1403 1538 neglecti
1439 1485 1543 1525 demi
1577 1500 1697 1537 posse
1732 1487 1847 1527 nobis
1884 1487 1969 1527 visa
2004 1493 2075 1526 est.
2134 1487 2292 1527 Etenim

361 1556 682 1609 pharmaceutria
714 1556 861 1596 frustra
896 1569 985 1594 cum
1021 1554 1106 1594 aliis
1141 1553 1326 1594 remediis
1362 1559 1446 1593 tum
1482 1560 1685 1607 postremo
1722 1555 1872 1594 exuviis
1904 1556 2091 1595 amatoris
2121 1570 2221 1607 quas
2252 1557 2292 1594 in

361 1631 467 1663 terra
495 1625 649 1664 defodit
677 1625 883 1676 temptatis
914 1625 1011 1662 alias
1041 1624 1126 1661 vias
1155 1624 1312 1675 ingredi
1340 1625 1524 1662 instituit.

796 1693 930 1732 ducite
961 1693 1009 1731 ab
1039 1693 1137 1731 urbe
1168 1692 1342 1742 domum,
1372 1707 1460 1732 mea
1489 1693 1677 1742 carmina,
1707 1693 1840 1732 ducite
1871 1693 2073 1746 Daphnin.

626 1763 675 1801 95
733 1762 806 1801 has
837 1761 982 1801 herbas
1014 1767 1131 1812 atque
1162 1761 1261 1800 haec
1291 1761 1423 1800 Ponto
1454 1761 1551 1801 1111111
1578 1762 1682 1801 lecta
1711 1776 1863 1801 venena

732 1832 817 1883 ipse
847 1830 958 1870 dedit
986 1830 1141 1870 Moeris
1171 1832 1409 1882 (nascuntur
1437 1831 1606 1883 plurima
1633 1831 1798 1883 Ponto),

732 1901 795 1939 his
826 1915 900 1952 ego
932 1915 1048 1951 saepe
1078 1900 1216 1951 lupum
1245 1900 1331 1939 fieri
1361 1906 1400 1939 et
1430 1914 1471 1940 se
1502 1900 1675 1940 condere
1706 1901 1815 1940 silvis

731 1969 903 2019 Moerin,
934 1982 1053 2021 saepe
1084 1968 1233 2008 animas
1264 1968 1354 2008 imis
1386 1968 1515 2009 excire
1545 1968 1738 2022 sepulcris

733 2043 853 2092 atque
883 2042 989 2078 satas
1021 2037 1097 2076 alio
1127 2037 1208 2076 vidi
1237 2037 1447 2075 traducere
1477 2051 1640 2075 messes.

597 2112 672 2146 100
795 2109 927 2146 ducite
958 2109 1007 2145 ab
1037 2109 1132 2145 urbe
1163 2109 1338 2155 domum,
1366 2123 1455 2146 mea
1484 2110 1672 2155 carmina,
1702 2109 1834 2146 ducite
1867 2109 2068 2158 Daphnin.

731 2180 788 2218 fer
818 2179 985 2226 cineres,
1016 2178 1222 2229 Amarylli,
1251 2178 1356 2217 foras
1385 2177 1551 2228 rivoque
1581 2176 1720 2217 fluenti

729 2252 920 2298 transque
950 2251 1071 2299 caput
1098 2245 1198 2297 iace,
1227 2258 1301 2285 nec
1331 2245 1563 2298 respexeris.
1608 2245 1670 2285 his
1702 2259 1777 2299 ego
1808 2245 2000 2298 Daphnin

731 2316 961 2370 aggrediar:
993 2315 1092 2353 nihil
1120 2315 1184 2354 ille
1216 2315 1325 2364 deos,
1355 2315 1411 2353 nil
1441 2316 1616 2354 carmina
1646 2321 1769 2354 curat.

794 2386 925 2425 ducite
957 2386 1006 2428 ab
1035 2386 1133 2425 urbe
1164 2385 1339 2435 domum,
1369 2400 1456 2425 mea
1487 2386 1674 2435 carmina,
1706 2385 1837 2425 ducite
1866 2384 2068 2438 Daphnin.

594 2456 670 2495 105
729 2455 876 2507 aspice,
907 2455 1096 2507 corripuit
1124 2455 1300 2494 tremulis
1330 2455 1469 2494 altaria
1497 2454 1665 2493 flammis

729 2529 871 2577 sponte
902 2538 985 2573 sua,
1016 2523 1110 2563 dum
1138 2524 1240 2563 ferre
1270 2538 1415 2574 moror,
1446 2524 1545 2563 cinis
1573 2525 1671 2576 ipse.
1710 2524 1858 2562 bonum
1889 2524 1951 2562 sit.

727 2595 863 2631 nescio
894 2593 990 2643 quid
1020 2598 1125 2631 certe
1156 2598 1230 2641 est,
1261 2600 1300 2631 et
1328 2594 1464 2645 Hylax
1491 2595 1532 2631 111
1561 2594 1695 2632 limine
1724 2593 1857 2631 latrat.

728 2661 951 2703 credimus?
981 2676 1031 2702 an
1061 2661 1128 2713 qui
1157 2667 1291 2701 amant
1319 2662 1396 2715 ipsi
1426 2661 1501 2703 sibi
1531 2661 1685 2703 somnia
1713 2659 1894 2715 fingunt?

727 2732 892 2784 parcite,
922 2732 970 2772 ab
1000 2730 1097 2770 urbe
1127 2731 1249 2780 venit,
1279 2732 1356 2770 iam
1385 2732 1549 2783 parcite,
1580 2732 1767 2780 carmina,
1796 2731 1993 2782 Daphnis.

354 2802 446 2840 Hoc
481 2801 618 2840 ordine
654 2815 696 2840 50
726 2816 867 2841 versus
904 2801 1106 2853 excipiunt
1140 2801 1181 2838 in
1209 2801 1340 2848 libris3
1376 2817 1399 2840 a
1429 2816 1508 2851 quo
1541 2801 1607 2851 qui
1638 2800 1921 2839 discedendum
1951 2814 2039 2839 esse
2070 2802 2142 2839 rati
2175 2808 2278 2850 sunt.

355 2870 406 2910 G.
427 2871 682 2910 Hermannus
715 2872 876 2922 (Bionis
906 2877 945 2910 et
974 2870 1134 2910 Moschi
1164 2884 1282 2909 carm.
1313 2886 1351 2922 p.
1373 2873 1443 2923 48)
1480 2871 1751 2922 compluribus
1787 2869 2063 2910 conaminibus
2097 2872 2279 2923 proposi-

353 2941 423 2990 tis,
452 2940 510 2980 M.
530 2940 732 2992 Hauptius
762 2940 864 2981 duce
894 2940 1126 2980 Hermanno
1156 2940 1337 2980 versibus
1362 2940 1436 2980 107
1464 2945 1501 2978 et
1526 2940 1600 2979 108
1630 2940 1823 2990 traiectis,
1853 2952 2035 2979 veremur
2063 2953 2112 2979 ne
2143 2954 2278 2979 verum

355 3009 538 3050 carminis
568 3008 770 3062 ingenium
800 3023 881 3049 non
910 3010 1034 3063 probe
1064 3009 1353 3062 perspexerint3
1383 3022 1550 3060 quorum
1581 3010 1795 3048 sententias
1827 3009 2057 3061 singillatim
2080 3024 2279 3062 exponere

1976 3078 2031 3107 0-
