2606 3522
1431 233 1485 275 10

490 354 625 393 nescio
661 368 779 404 quem
815 355 926 406 (nam
958 360 1162 406 pastorem
1197 369 1284 395 esse
1314 356 1449 395 multis
1480 355 1605 406 signis
1634 355 1845 404 indicatur,
1880 369 2026 394 nomen
2054 354 2263 406 reticetur)
2293 352 2429 407 indig-

490 437 586 461 num
615 437 695 475 quo
725 423 895 463 intereat
923 438 1097 463 amorem
1127 424 1255 476 primo
1286 438 1400 464 mane
1432 424 1492 463 dis
1522 430 1749 464 narrantem
1778 423 1944 463 inducit.

819 494 865 531 17
923 492 1113 543 Nascere,
1144 507 1317 546 praeque
1348 493 1453 533 diem
1482 493 1644 532 veniens
1676 507 1763 546 age,
1792 493 1969 543 Lucifer,
1998 493 2156 542 almum,

927 563 1108 616 coniugis
1138 563 1304 617 indigno
1333 563 1455 603 Nisae
1485 562 1677 615 deceptus
1708 576 1839 602 amore

927 631 1021 670 dum
1052 646 1198 683 queror
1228 639 1267 672 et
1296 633 1423 683 divos,
1454 646 1694 683 quamquam
1725 632 1780 671 nil
1808 631 1979 672 testibus
2008 632 2087 672 illis

819 702 870 740 20
927 701 1094 753 profeci,
1125 707 1301 742 extrema
1330 703 1502 742 moriens
1532 707 1665 741 tamen
1695 701 1893 754 adloquor
1922 701 2033 740 hora.

488 768 617 808 Prave
649 770 750 808 enim
780 770 1019 822 interpretes
1040 771 1265 812 Damonem
1295 772 1380 824 ipse
1412 770 1509 823 quid
1538 784 1680 824 passus
1712 771 1763 811 sit
1793 776 1833 811 et
1853 770 1949 824 quid
1969 770 2149 811 facturus
2171 784 2312 810 canere
2333 783 2424 809 cen-

487 843 593 887 sent3
630 839 698 891 qui
733 838 866 892 specie
902 839 1040 880 induci
1070 840 1256 882 videntur
1286 841 1379 894 quia
1408 855 1486 893 quo
1517 846 1696 893 tempore
1726 841 1886 880 Damon
1922 841 2117 880 cecinisse
2147 840 2304 889 dicitur,
2332 840 2423 878 Fri-

482 909 578 959 9ida
609 910 672 947 vix
701 910 803 948 eaelo
833 912 954 949 noctis
984 912 1192 950 decesserat
1219 912 1354 950 umbra
1383 914 1487 964 (14),
1518 914 1567 952 ab
1598 913 1737 952 eodem
1769 925 1929 950 carmen
1959 912 2091 962 ipsum
2120 911 2274 950 initium
2305 910 2425 961 capit,

485 976 655 1016 Nascere
677 992 849 1031 praeque
879 980 980 1018 diem
1008 983 1160 1019 veniens
1189 995 1271 1032 aye,
1300 981 1471 1030 Lucffer,
1502 983 1649 1020 almum
1670 982 1773 1032 (17),
1805 995 1894 1019 cum
1914 979 2150 1031 praesertim
2170 979 2280 1018 nullo
2301 978 2423 1017 verbo

484 1045 641 1085 dicatur
671 1053 878 1087 canentem
909 1063 996 1088 esse
1027 1049 1164 1099 alium,
1195 1050 1315 1089 alium
1343 1051 1638 1090 lamentantem.
1696 1050 1754 1088 At
1784 1049 1832 1089 de
1861 1055 2059 1101 tempore,
2088 1053 2245 1101 poterat
2273 1052 2424 1087 utrum-

484 1129 561 1165 que
597 1131 778 1156 seorsum
813 1123 1013 1168 constare,
1050 1126 1095 1158 ut
1130 1124 1169 1158 et
1203 1119 1340 1158 infelix
1374 1119 1449 1160 iste
1485 1119 1713 1160 advenienti
1742 1119 1932 1158 Lucifero
1969 1118 2127 1158 dolores
2157 1132 2249 1158 suos
2280 1116 2424 1157 decan-

481 1188 603 1233 taret,
639 1186 744 1224 sicut
773 1187 907 1226 miseri
938 1187 1068 1226 solent
1098 1187 1293 1227 orientem
1324 1188 1447 1228 solem
1477 1189 1724 1228 miseriarum
1754 1193 1898 1227 testem
1929 1186 2145 1236 advocare,
2177 1192 2216 1225 et
2246 1186 2325 1225 duo
2355 1200 2424 1238 pa-

483 1257 633 1304 stores,
670 1255 737 1306 qui
773 1269 851 1295 una
887 1262 1053 1307 canunt,
1087 1256 1217 1309 prima
1250 1256 1357 1307 luce,
1394 1271 1472 1309 quo
1508 1262 1686 1310 tempore
1715 1270 1840 1309 pecus
1869 1261 2031 1308 pastum
2061 1261 2203 1308 agunt,
2242 1254 2421 1293 canendo

482 1328 692 1362 certarent.
751 1324 895 1377 Neque
931 1325 971 1363 in
1010 1325 1089 1364 hoc
1124 1326 1296 1365 carmine
1334 1327 1461 1379 magis
1499 1341 1619 1378 quam
1658 1328 1698 1364 in
1735 1327 1859 1364 altero
1898 1326 1976 1364 hoc
2011 1325 2222 1377 oportebat
2256 1324 2423 1363 indicari

480 1406 561 1431 non
591 1400 798 1432 canentem
827 1395 938 1446 loqui
969 1394 1039 1433 sed
1070 1395 1189 1434 alium
1219 1396 1268 1435 ab
1302 1411 1347 1435 eo
1378 1396 1608 1447 loquentem
1639 1395 1785 1435 induci.
1836 1393 1986 1434 Contra
2010 1393 2235 1434 Damonem
2264 1394 2298 1434 si
2327 1407 2420 1433 suas

479 1476 542 1501 res
579 1476 693 1513 agere
731 1469 850 1503 cantu
884 1466 1114 1514 statuimus,
1150 1479 1225 1505 nec
1262 1479 1421 1505 carmen
1457 1467 1606 1518 ipsum,
1642 1465 1750 1517 quod
1786 1470 2002 1504 extremam
2038 1463 2204 1503 infelicis
2235 1463 2422 1503 amatoris

481 1531 719 1571 cantilenam
755 1533 876 1572 refert
906 1534 974 1585 qui
1003 1534 1198 1573 moriendi
1229 1539 1361 1574 certus
1394 1536 1448 1586 (v.
1473 1536 1543 1587 20)
1576 1534 1770 1573 exhausta
1798 1534 2079 1573 lamentatione
2111 1547 2153 1572 se
2184 1533 2230 1571 de
2261 1533 2422 1584 specula

478 1602 626 1639 montis
662 1602 701 1639 in
737 1602 899 1641 fluvium
935 1603 1104 1642 deiicere
1135 1605 1236 1642 velle
1268 1606 1323 1655 (v.
1349 1605 1418 1655 59)
1454 1604 1679 1655 profitetur,
1714 1604 1807 1642 huic
1836 1603 1988 1654 pastori
2019 1603 2116 1642 satis
2147 1608 2282 1653 aptum
2311 1601 2422 1641 vide-

478 1673 543 1707 tur
573 1684 652 1720 quo
683 1670 717 1709 is
748 1676 791 1709 ut
822 1685 941 1724 saepe
972 1686 1084 1712 suam
1116 1672 1284 1712 canendi
1305 1673 1490 1712 virtutem
1519 1678 1710 1725 praestet,
1742 1677 1781 1712 et
1811 1671 2074 1722 aequabilitas
2104 1671 2205 1710 inter
2234 1670 2313 1709 duo
2335 1683 2421 1709 car-

478 1737 597 1788 mina,
629 1752 748 1790 quam
768 1739 992 1792 Vergilium
1021 1742 1197 1782 voluisse
1226 1742 1500 1795 intelligimus,
1531 1742 1672 1781 misere
1702 1741 1925 1780 claudicare
1954 1741 2104 1793 incipit.
2159 1739 2302 1790 Itaque
2332 1753 2420 1778 ver-

477 1821 543 1847 sus
580 1808 726 1859 quibus
760 1809 921 1850 Damon
957 1812 1138 1864 coepisse
1176 1811 1324 1851 dicitur
1354 1812 1560 1864 (14-16)
1590 1810 1758 1863 Friqida
1786 1811 1850 1849 via:
1877 1811 1981 1850 caelo
2012 1810 2061 1850 ab
2092 1809 2204 1849 initio
2234 1809 2419 1848 carminis

476 1876 646 1917 Nascere
673 1893 847 1931 praeque
882 1881 981 1920 diem
1017 1881 1222 1933 (17-20)
1260 1881 1534 1933 separabimus
1573 1894 1702 1932 neque
1739 1893 1951 1932 sequemur
1989 1879 2229 1931 interpretes
2267 1878 2335 1930 qui
2370 1878 2419 1917 ab

476 1959 521 1986 eo
559 1960 710 1998 errore,
747 1962 826 2001 quo
863 1948 937 1989 hos
973 1964 1112 1990 versus
1151 1948 1289 1989 eadem
1324 1950 1515 2003 temporis
1551 1949 1756 1989 notatione
1793 1948 2008 1988 cohaerere
2045 1948 2342 1997 existimarunt,
2379 1948 2420 1985 in

475 2015 723 2069 explicandis
755 2018 923 2072 singulis
954 2018 1204 2056 incredibilia
1234 2020 1449 2056 commenti
1480 2026 1584 2056 sunt.

661 2088 888 2137 Utrumque
924 2103 1082 2126 carmen
1119 2096 1228 2127 certa
1264 2091 1387 2128 habet
1417 2091 1587 2140 vestigia
1621 2089 1853 2128 imitationis
1884 2088 2167 2136 Theocriteae;
2197 2092 2236 2127 et
2264 2083 2416 2140 Alphe-

474 2155 600 2196 siboei
637 2156 798 2207 quidem
834 2164 975 2198 cantus
1011 2174 1059 2198 ex
1093 2157 1414 2211 pharmaceutria
1443 2157 1649 2200 Theocriti
1680 2157 1742 2212 (2)
1779 2156 1986 2199 materiam
2023 2155 2156 2207 duxit,
2190 2155 2295 2196 unde
2325 2156 2416 2210 plus

471 2224 590 2264 etiam
628 2239 747 2277 quam
783 2225 904 2280 vulgo
942 2226 1111 2267 credunt
1150 2228 1367 2281 sumpsisse
1389 2227 1615 2281 Vergilium
1650 2227 1753 2266 infra
1788 2227 1959 2279 probare
1995 2227 2239 2275 conabimur,
2278 2240 2415 2264 verum

470 2299 602 2333 tamen
637 2301 758 2348 poeta
787 2295 993 2336 Romanus
1028 2298 1086 2336 ita
1122 2311 1220 2337 usus
1256 2303 1317 2336 est
1352 2298 1534 2348 exemplo
1564 2296 1722 2336 Graeco
1758 2310 1840 2335 non
1875 2302 1920 2335 ut
1954 2297 1994 2334 in
2025 2302 2153 2335 artum
2191 2310 2234 2335 se
2264 2294 2418 2335 dederit

470 2365 542 2404 sed
577 2366 680 2417 pede
718 2367 843 2406 libero
882 2367 1043 2407 incedat
1082 2373 1121 2407 et
1157 2381 1302 2419 poema
1337 2383 1454 2408 suum
1484 2365 1535 2406 ad
1571 2366 1691 2406 alium
1726 2366 1846 2406 finem
1877 2364 2061 2405 deducat.
2120 2363 2255 2405 Variis
2285 2363 2416 2405 Theo·

469 2434 557 2472 criti
593 2434 742 2487 idylliis
772 2436 938 2475 mixtum
970 2441 1031 2476 est
1061 2450 1222 2477 carmen
1253 2437 1441 2487 alterum,
1478 2436 1518 2475 in
1549 2450 1628 2487 quo
1660 2440 1699 2475 et
1730 2436 1953 2488 caprarium
1983 2434 2250 2488 Amaryllidos
2282 2436 2344 2486 (3)
2376 2441 2415 2473 et

466 2502 762 2556 Polyphemum
798 2504 993 2545 Galateae
1032 2505 1232 2545 desiderio
1274 2505 1459 2545 ardentes
1500 2506 1614 2557 (11),
1655 2504 1825 2556 denique
1864 2504 2058 2558 Daphnin
2096 2504 2245 2543 infelici
2282 2518 2413 2543 amore

466 2579 699 2622 pereuntem
737 2576 800 2626 (1)
836 2576 1113 2626 agnoscimus3
1151 2576 1223 2614 sed
1253 2576 1425 2627 Vergilii
1461 2589 1640 2623 carmen,
1679 2589 1920 2625 quamquam
1957 2574 2018 2614 his
2054 2574 2251 2614 coloribus
2280 2573 2413 2613 Theo-

466 2642 598 2682 criteis
628 2642 876 2694 distinctum,
907 2658 1029 2684 unum
1060 2649 1121 2684 est
1151 2650 1190 2683 et
1220 2648 1350 2684 totum
1381 2648 1420 2683 et
1449 2647 1729 2697 argumentum
1759 2642 1882 2683 habet
1912 2656 1934 2682 a
1963 2642 2176 2682 Theocrito
2206 2642 2323 2695 plane
2353 2641 2414 2680 di—

464 2724 635 2751 versum.
696 2711 886 2752 Ceterum
922 2713 962 2752 in
998 2713 1059 2752 his
1096 2715 1339 2753 consociatis
1376 2714 1618 2752 carminibus
1649 2727 1749 2764 quae
1780 2719 1818 2751 et
1846 2713 2028 2752 bucolica
2058 2727 2145 2751 esse
2176 2718 2216 2750 et
2245 2712 2321 2751 sibi
2350 2726 2412 2750 re-

464 2780 662 2832 spondere
692 2783 819 2821 voluit
849 2782 1053 2834 Vergilius
1090 2797 1182 2821 cum
1220 2797 1300 2821 non
1336 2782 1463 2821 solum
1498 2783 1670 2834 primum
1705 2782 1866 2821 tertium
1901 2780 2154 2821 undecimum
2190 2780 2263 2821 sed
2293 2781 2410 2820 etiam

462 2849 681 2890 secundum
711 2851 917 2891 Theocriti
953 2851 1136 2903 idyllium
1176 2852 1384 2902 adhibeat,
1422 2852 1506 2891 veri
1545 2851 1672 2891 simile
1708 2856 1768 2891 est
1806 2865 1895 2891 eum
1932 2850 2030 2891 haec
2067 2850 2242 2891 carmina
2279 2850 2410 2890 omnia

461 2918 602 2959 eodem
637 2919 864 2973 idylliorum
899 2921 1034 2962 libello
1067 2921 1282 2965 coniuncta
1312 2921 1506 2970 tenuisse3
1545 2920 1654 2973 quod
1685 2934 1764 2973 quo
1794 2921 1924 2961 minus
1955 2920 2161 2973 probabile
2192 2920 2409 2959 habeamus

459 2986 625 3029 Servius
655 3003 730 3030 nos
759 2991 931 3031 retinere
961 3004 1043 3030 non
1072 2998 1229 3044 potest,
1265 2991 1333 3043 qui
1364 2991 1471 3043 quod
1502 2991 1641 3029 scribit
1669 2991 1709 3028 in
1739 2991 1988 3043 praefatione
2017 2990 2290 3028 bucolicorum
2319 3005 2410 3029 eane

456 3061 654 3098 sciendum
683 3068 822 3113 septem
852 3062 1001 3113 ecloyas
1030 3076 1106 3100 esse
1134 3076 1261 3101 meras
1291 3063 1458 3100 »rusticas
1488 3076 1586 3113 quas
1613 3060 1833 3100 Theocritus
1862 3062 1984 3100 decem
2007 3060 2137 3099 habet:
2166 3060 2226 3099 hic
2247 3059 2408 3114 (Verqi-
