2606 3522
1396 231 1450 274 12

457 363 497 398 et
531 358 708 399 refellere
744 357 985 412 disputando
1016 370 1117 410 opus
1148 370 1229 395 non
1259 361 1337 406 est,
1373 356 1407 395 si
1436 355 1555 395 modo
1585 356 1701 396 nobis
1731 357 1945 409 contigerit
1975 356 2083 408 quod
2112 371 2319 410 speramus
2348 361 2393 396 ut

455 433 598 481 poetae
634 442 795 469 sensum
824 428 934 468 nullo
964 441 1084 468 versu
1113 432 1223 466 moto
1252 426 1553 480 patefaciamus.
1612 426 1856 480 Principium
1887 432 2020 466 autem
2049 427 2298 481 intelligendi
2326 441 2394 468 ve-

456 514 542 538 rum
573 514 623 538 ex
653 514 700 539 eo
730 500 935 551 repetitur,
965 503 1010 536 ut
1039 497 1183 537 horum
1212 511 1399 537 versuum
1428 501 1571 536 natura
1599 502 1708 536 recte
1739 503 2000 549 agnoscatur:

814 569 865 609 95
921 567 993 607 has
1023 566 1170 607 herbas
1201 572 1319 619 atque
1349 566 1448 606 haec
1476 566 1609 606 Ponto
1639 566 1733 606 mihi
1763 566 1869 606 lecta
1899 580 2053 607 venena

921 638 1008 689 ipse
1039 637 1152 676 dedit
1180 637 1331 676 Moeris
1363 638 1601 688 (nascuntur
1628 637 1799 688 plurima
1827 637 1995 688 Ponto),

920 706 984 746 his
1015 720 1091 760 ego
1123 720 1241 758 saepe
1271 705 1409 758 lupum
1438 705 1523 745 fieri
1554 710 1593 745 et
1623 719 1666 745 se
1697 704 1868 745 condere
1899 705 2010 746 silvis

921 775 1097 824 Moerin,
1128 789 1246 827 saepe
1275 775 1426 813 animas
1456 775 1545 813 imis
1578 775 1709 813 excire
1740 775 1935 826 sepulcris

924 850 1044 897 atque
1076 850 1182 885 satas
1214 844 1291 884 alio
1321 843 1404 884 vidi
1433 842 1642 883 traducere
1673 857 1837 884 messes.

458 913 614 963 Quibus
636 913 820 954 versibus
850 927 941 955 cum
970 913 1290 966 pharmaceutria
1311 913 1390 952 vim
1421 912 1580 965 quidem
1611 919 1649 952 et
1678 913 1898 965 potentiam
1927 914 2138 954 herbarum
2160 928 2206 954 ac
2225 928 2398 954 veneno-

455 998 543 1023 rum
575 997 677 1035 quae
706 983 857 1036 promit
885 983 1077 1037 exemplis
1108 983 1288 1036 pluribus
1319 982 1495 1022 declaret
1525 981 1594 1022 sed
1625 982 1720 1034 quid
1750 983 1838 1035 ipsa
1867 983 1914 1022 iis
1945 997 2065 1024 usura
2096 984 2147 1024 sit
2175 998 2255 1023 non
2276 983 2397 1033 dicat,

456 1058 623 1104 apparet
654 1054 893 1092 sententiam
923 1068 1003 1092 non
1035 1067 1120 1091 esse
1152 1053 1388 1091 absolutam.
1443 1052 1563 1100 Quod
1593 1052 1625 1090 si
1657 1053 1953 1104 circumspicias
1983 1068 2079 1093 num
2109 1054 2206 1104 quid
2236 1054 2288 1093 sit
2318 1067 2397 1103 quo

456 1137 638 1163 mancam
669 1123 893 1163 orationem
923 1122 1115 1176 perficere
1144 1121 1290 1174 possis,
1319 1121 1426 1161 illico
1458 1111 1672 1161 occurrunt
1700 1120 1768 1161 illa
1799 1136 1899 1174 quae
1930 1121 2026 1163 dicit

789 1193 865 1232 102
1568 1191 1629 1230 his
1661 1204 1735 1243 ego
1765 1191 1959 1244 Daphnin

924 1260 1150 1316 aggrediar:
1182 1259 1280 1300 nihil
1310 1260 1376 1299 ille
1408 1260 1518 1310 deos,
1550 1260 1605 1299 nil
1636 1260 1810 1300 carmina
1840 1266 1966 1311 curat,

457 1344 559 1383 quae
589 1331 632 1371 id
661 1332 792 1383 ipsum
822 1331 930 1383 quod
962 1331 1212 1371 desideratur
1242 1331 1449 1382 quaerenti
1481 1330 1750 1383 suppeditant.
1802 1330 1945 1383 Itaque
1976 1332 2179 1383 sequimur
2209 1346 2288 1383 quo
2318 1346 2399 1370 ma-

455 1401 605 1440 nifesta
635 1401 827 1440 orationis
857 1400 1003 1440 indicia
1032 1400 1183 1439 ducunt
1214 1406 1253 1439 et
1282 1400 1356 1439 has
1387 1400 1603 1439 sententias
1633 1406 1795 1452 poetam
1826 1400 2015 1454 coniungi
2041 1401 2143 1440 velle
2173 1401 2399 1441 statuimus.

458 1482 539 1510 HAS
576 1469 711 1510 herbas
744 1477 858 1523 atque
892 1480 1006 1510 HAEC
1040 1470 1166 1509 Ponto
1201 1470 1296 1509 mihi
1326 1470 1418 1509 lecta
1454 1483 1596 1510 venena
1632 1471 1712 1523 ipse
1747 1471 1853 1510 dedic
1885 1471 2045 1521 Moeris,
2083 1482 2153 1511 HIS
2189 1484 2253 1525 eqo
2289 1484 2399 1523 saepe

459 1542 592 1592 lupum
612 1539 706 1589 fieri
724 1541 875 1579 Moerin
895 1541 993 1579 vidi.-
1023 1541 1137 1591 1118*)
1165 1554 1229 1592 eqo
1250 1540 1438 1592 Daphnin
1458 1542 1681 1592 aqqrediar.
1724 1539 1880 1590 Quibus
1903 1555 2003 1591 quae
2024 1541 2261 1593 interposita
2282 1547 2373 1580 sunt

789 1610 863 1649 101
924 1609 984 1648 fer
1014 1609 1183 1659 cineres,
1211 1609 1420 1661 Amarylli,
1452 1609 1559 1648 foras
1590 1609 1756 1660 rivoque
1786 1608 1924 1648 fluenti

924 1683 1116 1730 transque
1147 1683 1269 1730 caput
1297 1678 1397 1728 iace,
1427 1691 1503 1717 nec
1533 1678 1758 1730 respexeris

458 1763 508 1786 ne
546 1748 634 1798 quis
672 1749 821 1787 nostris
860 1748 1082 1787 rationibus
1120 1761 1345 1799 repugnare
1384 1747 1553 1796 iudicet,
1594 1748 1737 1787 auferri
1773 1748 1977 1797 iubentur‚
2017 1762 2118 1799 quae
2155 1754 2247 1801 post
2285 1762 2401 1788 usum

459 1817 616 1857 inutilia
651 1817 759 1857 facta
797 1822 908 1868 sunt,
947 1822 985 1856 et
1026 1816 1170 1856 auferri
1207 1816 1255 1856 iis
1292 1815 1421 1856 modis
1458 1816 1603 1868 quibus
1640 1816 1771 1856 solent
1809 1831 1910 1869 quae
1947 1822 2149 1869 tamquam
2187 1814 2403 1866 ἀποκαθαίρ-

459 1903 554 1939 ματα
584 1886 701 1926 abiici
733 1892 772 1926 et
801 1901 825 1926 a
853 1886 969 1927 nobis
1000 1886 1176 1939 separari
1206 1886 1410 1937 volumus,
1445 1886 1555 1925 velut
1584 1886 1691 1939 apud
1720 1885 1982 1927 Theocritum
2014 1887 2104 1940 (24,
2126 1888 2196 1940 93)
2225 1887 2402 1928 Tiresias

459 1956 681 1996 Alcmenae
710 1956 907 2009 praecipit

821 2026 869 2064 91
928 2026 1004 2063 καῖε
1033 2024 1071 2064 δὲ
1100 2023 1186 2063 τώδ’
1215 2022 1383 2076 αἶγρίαισιν
1414 2022 1470 2064 ἐπὶ
1501 2024 1664 2074 σχίζαισι
1694 2024 1858 2075 δράκοντε

927 2091 1020 2134 νυκτὶ
1049 2093 1152 2146 μέσᾳ,
1181 2084 1248 2133 ‘Eua
1276 2096 1388 2134 παῖδα
1417 2097 1525 2134 κανεῒν
1554 2091 1628 2134 new
1658 2089 1788 2145 ἤθελον
1818 2091 1926 2134 αὐτοί.

926 2156 984 2214 ἦρι
1013 2161 1051 2201 δὲ
1081 2160 1287 2213 συλλέξασα
1316 2160 1405 2202 κόνιν
1436 2161 1539 2213 πυρὸς
1568 2161 1780 2215 α’μφιπᾶλων
1809 2180 1859 2211 τις

926 2229 1066 2284 ῥιῲάτω
1097 2224 1133 2272 εὗ
1160 2229 1267 2285 μα’λα
1296 2234 1411 2271 πᾶσαν
1441 2230 1528 2284 ὑπὲρ
1557 2235 1730 2285 ποταμοῖο
1759 2232 1915 2283 φέρουσα

821 2303 871 2341 95
928 2299 1083 2353 ῥωγάδος
1114 2303 1151 2341 ἐκ
1180 2302 1309 2352 πέτρας
1337 2299 1547 2352 ύπερούριον,
1579 2296 1633 2351 ἄψ
1662 2301 1700 2341 δὲ
1731 2302 1868 2343 νέεσθαι

931 2364 1137 2421 ἔστρεπτος.

462 2441 570 2480 Nam
600 2439 962 2494 pharmaceutriam
992 2439 1091 2479 nihil
1122 2439 1292 2493 amplius
1323 2439 1481 2479 efficere
1512 2440 1613 2480 velle
1645 2440 1874 2480 abiiciendis
1905 2441 2118 2492 cineribus,
2148 2441 2257 2493 quod
2283 2442 2402 2495 vulgo

466 2511 649 2560 credunt,
678 2510 812 2563 prodit
840 2511 929 2563 ipsa
959 2524 1048 2549 cum
1079 2510 1176 2549 dicit
1205 2511 1323 2562 (103)
1354 2511 1454 2549 nihil
1482 2511 1546 2550 ille
1576 2512 1674 2560 deoc,
1704 2512 1762 2550 nil
1791 2512 1966 2551 carmina
1996 2519 2118 2551 curat.
2166 2510 2281 2562 Quae
2308 2511 2404 2564 quid

466 2580 695 2635 significent
722 2579 879 2620 initium
910 2579 1094 2620 carminis
1123 2579 1242 2620 docet
1269 2580 1402 2621 verbis

822 2650 873 2688 65
931 2649 1126 2688 verbenas
1159 2649 1274 2689 adole
1303 2651 1476 2703 pingues
1508 2655 1547 2689 et
1576 2650 1751 2689 mascula
1780 2656 1882 2700 tura,

931 2718 1113 2771 coniugis
1143 2725 1189 2758 ut
1216 2719 1383 2772 magicis
1414 2732 1532 2759 sanos
1563 2725 1740 2758 avertere
1772 2720 1896 2759 sacris

931 2787 1113 2839 experiar
1142 2801 1302 2836 sensus3
1332 2787 1431 2827 nihil
1460 2787 1524 2827 hic
1554 2788 1630 2827 nisi
1662 2788 1836 2827 carmina
1865 2788 2012 2829 desunt
2044 2817 2078 2831 ..
2096 2817 2106 2826 .

823 2858 873 2895 69
933 2857 1108 2896 carmina
1137 2857 1201 2896 vel
1232 2857 1343 2896 caelo
1373 2863 1544 2909 possunt
1573 2857 1771 2897 deducere
1801 2858 1933 2898 lunam
1965 2888 1973 2896 .
1993 2888 2001 2896 .
2020 2889 2028 2897 .

653 3003 690 3050 *)
730 3003 787 3040 De
816 3004 868 3039 his
896 3004 1121 3051 pronomine,
1149 3005 1246 3051 quod
1275 3005 1320 3040 ab
1347 3005 1602 3053 interpretibus
1630 3006 1784 3041 refertur
1811 3006 1856 3040 ad
1883 3009 2024 3050 cineres,
2053 3017 2144 3042 unus
2169 3011 2266 3042 recte
2291 3006 2407 3042 sensit

465 3068 662 3104 Kolsterus
691 3067 742 3113 (p.
767 3067 868 3113 178),
894 3068 965 3102 nisi
993 3068 1090 3115 quod
1121 3080 1246 3103 verum
1275 3080 1422 3104 sensum
1450 3069 1641 3104 cumulatis
1670 3070 1774 3104 vanis
1802 3081 1917 3115 paene
1945 3071 2137 3117 oppressit,
