2606 3522
1277 288 1302 341 9

322 421 458 463 scribit
491 423 824 473 Quemadmodum
851 421 1036 461 vocabula
1066 430 1187 463 essent
1213 424 1392 476 imposita
1421 423 1534 463 rebus
1562 423 1605 463 in
1639 424 1775 477 linqua
1795 423 1944 464 Latina
1975 438 2039 464 sex
2064 425 2172 465 libris
2196 439 2260 465 ex-

314 507 457 546 ponere
484 494 648 533 inetz'tui.
685 492 731 530 de
759 491 817 530 his
849 493 917 530 tm's
945 499 1035 531 ante
1062 493 1161 533 hunc
1181 492 1272 542 feci,
1303 506 1398 546 quoe
1427 493 1624 546 Septumio
1652 495 1751 543 miei,
1781 495 1824 533 in
1853 494 1990 547 quibus
2018 502 2073 534 eet
2104 496 2149 534 de
2178 495 2258 534 dis-

319 565 465 615 ciplina
496 577 612 615 quam
640 568 774 600 vocant
803 561 1069 613 ἔτυμολογικήν,
1100 577 1197 615 quae
1226 570 1358 601 contra
1389 576 1472 601 eam
1502 564 1729 611 dicerentur,
1768 564 1959 602 volumine
1979 566 2130 615 primo,
2160 578 2259 616 quae

312 645 390 685 pro
419 646 481 682 ea,
511 631 692 680 secundO,
724 644 823 683 quae
853 632 898 672 de
927 646 989 683 ea,
1021 633 1147 679 teru'o3
1179 633 1224 671 in
1252 632 1309 671 hie
1338 632 1393 671 ad
1422 639 1455 671 te
1483 631 1669 681 scribam,
1707 648 1731 671 a
1761 632 1900 684 quibus
1929 632 2040 672 rebus
2069 633 2255 672 vocabula

320 703 497 754 imposita
531 702 610 739 sinc
641 702 684 738 in
716 700 850 753 linqua
879 701 1048 750 Latina3
1082 715 1173 740 nam
1204 699 1312 753 quod
1340 700 1470 740 Varro
1500 714 1574 740 nec
1604 700 1681 740 hoc
1710 714 1784 740 nec
1813 701 1895 740 ullo
1925 700 2014 741 loco
2046 701 2112 754 (cf.
2146 703 2184 752 6,
2206 702 2255 741 97

321 776 360 809 et
392 772 427 819 7,
451 772 541 809 109.
567 771 643 808 110
659 769 738 821 M.)
771 784 860 809 eum
890 785 1006 822 quem
1036 771 1253 822 alloquitur
1288 771 1505 822 appellavit
1533 770 1712 819 nomine,
1747 771 1951 809 attendere
1979 771 2157 823 legentes
2187 785 2257 809 vo-

319 839 395 879 luit
431 844 471 879 et
505 838 596 879 huic
633 837 735 878 libro
773 844 812 879 et
848 839 1010 892 reliquis
1047 839 1229 889 inscribi,
1265 838 1307 878 id
1344 838 1453 891 quod
1489 854 1578 878 cum
1614 839 1693 878 fide
1730 839 1879 879 codicis
1914 840 2137 879 Florentini
2173 846 2256 879 tum

319 908 671 961 grammaticorum
700 907 938 950 testimoniis
971 913 1141 960 constat,
1170 909 1227 950 M.
1255 907 1412 949 Terenti
1434 907 1621 948 Varronis
1649 909 1695 948 de
1726 909 1859 962 linqua
1886 908 2035 949 Latina
2065 910 2121 949 ad
2151 909 2256 950 Cice-

318 991 448 1016 ronem
479 978 572 1016 liber
600 979 759 1030 quintus
789 983 828 1017 et
857 978 1059 1031 deinceps.

504 1047 570 1087 Ab
606 1047 790 1097 exordio,
826 1048 933 1099 quod
968 1049 1199 1089 continuum
1237 1054 1276 1087 et
1312 1062 1435 1087 unum
1473 1057 1560 1088 esse
1596 1062 1725 1099 neque
1755 1049 1975 1088 rationibus
2006 1049 2181 1088 metricis
2216 1050 2255 1087 in

318 1116 536 1169 particulas
566 1116 686 1157 licere
717 1117 909 1158 dissecari
940 1118 1151 1170 credimus,
1183 1123 1338 1159 secreta
1367 1123 1459 1158 sunt
1487 1122 1691 1170 pastorum
1722 1118 1896 1158 carmina
1921 1133 2023 1170 quae
2051 1133 2094 1159 se
2110 1118 2255 1171 Vergi-

318 1187 395 1225 lius
426 1187 644 1225 relaturum
673 1187 867 1238 promisit.
928 1187 1108 1238 Quorum
1137 1188 1261 1240 prius,
1290 1187 1501 1237 Damonis,
1531 1187 1593 1227 his
1623 1187 1804 1227 versibus
1834 1187 2047 1227 inducitur.

754 1256 924 1310 Frigida
952 1258 1020 1297 vix
1050 1258 1160 1298 caelo
1191 1258 1320 1297 noctis
1350 1257 1578 1296 decesserat
1606 1257 1762 1307 umbra,

646 1326 694 1365 15
754 1339 844 1366 cum
872 1341 938 1367 ros
967 1327 1008 1366 in
1037 1332 1175 1367 tenera
1203 1326 1339 1380 pecori
1369 1326 1618 1380 gratissimus
1649 1326 1785 1377 herba,

754 1396 986 1436 incumbens
1016 1397 1134 1436 tereti
1162 1396 1323 1435 Damon
1353 1397 1410 1436 sic
1441 1397 1574 1448 coepit
1603 1396 1787 1448 olivae*).

319 1451 382 1491 his
413 1465 507 1491 vero
538 1450 720 1490 alterum.

645 1521 694 1560 62
753 1519 867 1560 Haec
897 1520 1076 1561 Damon:
1108 1534 1181 1560 vos
1212 1535 1311 1573 quae
1341 1520 1594 1574 responderit
1623 1520 1919 1573 Alphesiboeus

754 1590 886 1640 dieite,
914 1589 1110 1639 Pierides3
1141 1605 1221 1630 non
1251 1591 1383 1630 omnia
1410 1605 1625 1643 possumus
1656 1604 1804 1630 omnes.

318 1659 528 1699 Praeterea
561 1659 660 1698 nihil
689 1659 833 1699 dicitur
863 1658 911 1698 de
943 1660 1156 1699 certamine
1185 1666 1393 1713 pastorum
1419 1666 1487 1699 aut
1511 1660 1560 1699 de
1586 1659 1732 1699 iudicio
1754 1659 1992 1708 certaminis,
2023 1674 2073 1699 ne
2095 1659 2251 1701 deloco

319 1729 477 1781 quidem
507 1729 720 1781 quicquam
749 1729 818 1768 ubi
848 1742 1087 1781 congressos
1115 1729 1371 1769 contendisse
1388 1729 1591 1782 Vergilius
1613 1729 1795 1778 voluerit,
1827 1728 1895 1780 qui
1914 1728 1991 1768 hoc
2011 1743 2132 1768 unum
2154 1731 2252 1783 agit,

318 1806 363 1839 ut
395 1805 594 1852 pastores,
630 1813 800 1851 quorum
834 1814 987 1839 musam
1024 1814 1168 1852 magna
1204 1799 1322 1839 laude
1353 1799 1620 1852 praedicavit,
1656 1813 1769 1838 suum
1798 1804 1963 1849 uterque
1994 1813 2153 1838 carmen
2183 1814 2249 1839 ca-

318 1874 425 1907 nant.
471 1868 657 1907 Carmina
686 1869 786 1921 ipsa,
817 1882 1056 1921 quamquam
1086 1882 1158 1907 nec
1188 1873 1274 1907 tota
1303 1883 1375 1908 nec
1403 1868 1581 1921 partibus
1612 1868 1693 1907 suis
1724 1868 1809 1920 pari
1835 1866 1996 1906 modulo
2019 1874 2251 1921 exaequata,

320 1937 490 1990 quadam
521 1938 797 1978 communione
827 1938 930 1978 inter
960 1953 1002 1978 se
1031 1944 1262 1987 nectuntur3
1294 1939 1484 1977 amatoria
1507 1943 1615 1977 sunt:
1646 1937 1812 1990 perfidia
1833 1944 2042 1979 accusatur
2062 1940 2103 1978 in
2124 1939 2249 1978 altero

319 2008 465 2047 amicae
496 2008 544 2047 ab
577 2013 772 2058 amatore,
809 2008 990 2061 coniugis
1022 2008 1070 2048 ab
1103 2008 1229 2047 amica
1257 2008 1298 2046 in
1328 2007 1468 2056 altero3
1500 2020 1707 2047 successus
1739 2008 1942 2047 contrarii:
1982 2007 2080 2048 haec
2108 2008 2250 2060 recipit

319 2091 436 2128 quem
468 2083 649 2129 ereptum
679 2077 840 2117 dolebat
870 2078 1098 2130 coniugem,
1133 2077 1198 2115 ille
1229 2091 1252 2115 a
1282 2091 1324 2116 se
1355 2082 1524 2115 amatam
1555 2077 1668 2115 alteri
1698 2076 1831 2115 datam
1861 2091 2026 2115 uxorem
2055 2077 2249 2115 lamenta-

317 2150 382 2185 tus
416 2147 530 2198 perit.
587 2146 641 2185 Et
675 2146 716 2184 in
751 2152 834 2185 arte
868 2151 1053 2198 poemata
1088 2145 1163 2185 sibi
1196 2145 1460 2196 respondent:
1499 2144 1795 2197 Alphesiboeus
1831 2145 1929 2184 nihil
1963 2146 2049 2197 ipse
2084 2159 2247 2183 narrans

317 2214 696 2266 pharmaceutriam‚
726 2216 838 2255 cuius
868 2230 918 2255 ne
948 2229 1093 2254 nomen
1123 2214 1283 2266 quidem
1313 2214 1506 2267 proditur,
1536 2228 1560 2252 a
1588 2214 1716 2266 primo
1747 2215 1881 2253 statim
1911 2215 2082 2254 carmine
2112 2214 2248 2253 dicen-

317 2289 398 2323 tem
428 2289 467 2323 et
496 2290 681 2337 agentem
709 2285 817 2324 facit.

644 2355 694 2392 64
752 2353 864 2393 Effer
893 2368 1036 2406 aquam
1067 2359 1107 2393 et
1136 2354 1245 2393 molli
1275 2353 1390 2406 cinge
1419 2352 1518 2392 haec
1550 2351 1690 2392 altaria
1719 2354 1818 2392 vitta

751 2423 1026 2476 verbenasque
1056 2423 1170 2463 adole
1198 2424 1368 2477 pingues
1400 2429 1438 2462 et
1466 2423 1644 2463 mascula
1672 2428 1775 2473 tura,

754 2494 935 2548 coniugis
964 2499 1010 2534 ut
1039 2494 1206 2548 magicis
1238 2508 1355 2534 sanos
1385 2498 1564 2533 avertere
1595 2493 1718 2533 sacris

644 2565 693 2603 67
752 2564 932 2617 experiar
961 2578 1120 2612 sensus3
1149 2563 1248 2603 nihil
1277 2563 1343 2602 hic
1373 2563 1449 2603 nisi
1480 2563 1653 2604 carmina
1683 2562 1839 2601 desunt.

320 2632 388 2673 Sic
425 2632 491 2671 illa
526 2634 736 2685 compellat
774 2633 974 2683 ancillam,
1016 2647 1095 2684 qua
1134 2633 1348 2672 comitante
1388 2638 1427 2671 et
1465 2632 1676 2671 adiuvante
1713 2632 1822 2670 varia
1860 2632 2247 2670 incantamentorum

317 2715 462 2754 genera
497 2707 750 2755 pertemptat.
807 2702 903 2742 Non
939 2716 1055 2742 secus
1091 2703 1132 2741 in
1162 2702 1356 2741 Damonis
1394 2707 1528 2741 cantu:
1564 2701 1664 2740 nihil
1697 2702 1884 2740 nuntians
1921 2706 2011 2741 ante
2044 2706 2247 2753 pastorem

419 2822 454 2867 *)
965 2824 1028 2859 Da
1055 2823 1181 2859 droben
1207 2824 1276 2869 aus
1291 2823 1401 2868 jenem
1426 2823 1543 2869 Berge

961 2888 1024 2922 Da
1050 2887 1133 2922 steh’
1161 2888 1215 2922 ich
1243 2888 1461 2922 tausendmal

965 2948 1024 2983 An
1051 2951 1191 2984 meinem
1218 2948 1324 2984 Stabe
1348 2949 1498 2995 yeboqen

970 3011 1051 3047 Und
1076 3012 1200 3047 schaue
1227 3011 1331 3047 hinab
1358 3015 1394 3047 in
1422 3013 1485 3047 das
1518 3008 1619 3046 Thai.

317 3074 375 3109 Ita
404 3073 550 3109 Goethii
578 3074 690 3119 opilio
718 3073 909 3110 lamentari
936 3074 1072 3121 incipit.
1129 3075 1173 3110 In
1193 3074 1348 3121 Vergilii
1375 3085 1481 3110 versu
1508 3074 1629 3109 taedet
1655 3073 1788 3108 referre
1817 3073 1902 3118 quid
1931 3072 2110 3118 ingeniosi
2139 3072 2250 3106 inter-

316 3143 438 3183 pretes
464 3136 770 3172 comminiscendo
799 3137 994 3174 effecerint.

1941 3202 1966 3230 c)

1941 3230 1965 3244 fl
