2606 3522
1288 202 1341 245 13

346 334 480 384 Quare
518 332 627 384 quod
659 331 769 370 illum
806 328 903 368 deos
940 332 980 367 et
1015 327 1191 367 carmina
1220 340 1359 366 curare
1389 331 1529 378 negat,
1565 327 1845 379 complectitur
1875 328 2007 367 omnia
2038 342 2137 380 quae
2168 328 2286 368 redu-

343 403 459 445 cendi
499 400 681 454 coniugis
720 412 843 438 causa
879 396 1011 437 adhuc
1045 396 1239 444 instituit3
1279 409 1381 448 quae
1419 395 1582 435 tandem
1621 396 1810 450 intelligit
1847 397 1959 437 irrita
1997 411 2085 438 esse
2123 403 2162 438 et
2201 399 2285 438 sine

344 474 501 514 effectu.
557 472 699 523 Itaque
730 483 819 509 cum
849 468 928 508 alia
957 467 1094 507 conari
1125 466 1289 519 cogitet,
1318 466 1507 520 reliquias
1537 480 1675 506 eorum
1705 481 1807 519 quae
1836 467 1877 507 in
1908 482 1976 508 ara
2003 468 2182 508 incendit
2209 468 2285 508 tol-

342 543 484 584 lendas
523 548 562 582 et
596 539 737 593 procul
776 537 1017 577 amovendas
1055 542 1179 576 curat.
1238 537 1294 576 Et
1330 536 1407 576 hoc
1437 536 1546 588 quod
1576 536 1738 576 mandat
1767 538 1952 587 ancillae,
1988 539 2063 578 etsi
2093 540 2284 591 postponi

345 627 521 655 summae
553 609 771 651 sententiae
802 608 946 661 potuit,
974 608 1044 647 has
1072 606 1208 647 herbas
1236 615 1352 661 atque
1381 607 1472 647 haec
1501 607 1596 647 mihi
1623 621 1763 647 venena
1793 609 1872 661 ipse
1902 608 2008 647 dedit
2034 608 2196 648 Aloeris:
2225 609 2284 648 his

344 697 407 737 eqo
426 681 615 735 Daphnin
644 679 870 732 ayqrediar:
899 677 1000 716 nihil
1027 677 1093 715 ille
1122 677 1220 726 deos,
1251 678 1311 715 m‘l
1338 678 1516 716 carmina
1547 684 1670 716 curat.
1702 676 1771 726 fer
1800 679 1954 727 cinerea,
1984 678 2196 731 Amarylli,
2218 679 2284 728 fo-

344 768 411 791 ras
448 754 604 803 rivoque
636 750 777 800 fluenti
814 749 916 796 iace,
956 752 1092 785 tamen
1130 745 1239 797 quod
1276 746 1450 785 medium
1487 747 1740 786 interiectum
1780 752 1841 787 est
1876 748 1978 786 inter
2015 747 2114 786 duas
2149 753 2285 799 partes

347 821 464 862 unius
495 817 717 860 sententiae
749 816 812 869 (ut
841 820 1044 855 taceamus
1075 814 1405 855 consuetudinem
1434 820 1578 868 poetae
1608 815 1702 855 alibi
1733 830 1756 855 a
1781 816 1894 855 nobis
1921 815 2180 869 declaratam)
2212 830 2287 855 nec

348 891 478 930 obfuit
506 887 785 941 perspicuitati
815 892 854 924 et
882 886 984 924 hanc
1013 892 1205 924 moratam
1237 886 1456 924 orationem
1487 886 1667 937 inprimis
1697 885 1840 924 decuit.
1884 883 1951 924 ‘At
1975 887 2029 924 mi
2052 901 2156 925 unus
2177 901 2287 926 scru-

344 960 462 1012 pulus
498 958 617 996 etiam
652 961 777 995 restat
811 955 879 1006 qui
914 969 976 993 me
1011 955 1114 993 male
1144 954 1292 1004 habet,
1329 954 1460 1005 inquit
1489 952 1682 993 Chremes
1711 955 1987 994 Terentianus.
2045 955 2206 995 Herbas
2238 970 2285 995 ac

346 1042 514 1076 venena,
544 1041 646 1077 quae
677 1025 751 1065 sibi
779 1024 1099 1077 pharmaceutria
1127 1023 1288 1064 Moerin
1318 1023 1478 1064 dedisse
1507 1030 1641 1064 narrat
1670 1030 1709 1064 et
1739 1024 1884 1076 quibus
1915 1038 1957 1065 se
1989 1024 2154 1079 aggredi
2184 1025 2285 1065 velle

346 1095 540 1150 Daphnin
568 1094 795 1149 profitetur,
825 1094 1013 1146 quoniam
1033 1093 1178 1132 veneni
1199 1093 1308 1132 vocis
1338 1106 1454 1132 usum
1484 1094 1714 1147 ambiguum
1746 1107 1832 1133 esse
1864 1100 2035 1144 constat,
2066 1108 2184 1146 quam
2204 1096 2286 1133 vim

345 1167 492 1206 habere
523 1165 706 1214 dicimus,
737 1165 956 1204 similemne
987 1163 1058 1203 sed
1087 1164 1278 1202 maiorem
1309 1164 1452 1203 ceteris
1482 1164 1668 1203 remediis
1697 1165 1842 1215 quibus
1862 1164 2052 1203 reducere
2074 1165 2286 1218 coniugem

347 1235 573 1287 temptavit,
604 1249 654 1272 an
685 1235 882 1272 diversam
915 1239 954 1271 et
984 1248 1007 1271 a
1036 1233 1263 1271 reducendo
1292 1233 1410 1284 plane
1440 1233 1633 1271 alienam?
1685 1232 1798 1281 Quae
1827 1233 1978 1273 Moeris
2009 1235 2096 1285 ipse
2126 1233 2188 1273 his
2219 1248 2286 1273 ve-

347 1305 460 1344 nenis
491 1303 669 1343 effecisse
701 1303 844 1343 dicitur
873 1304 1078 1355 (syl-⁴99)
1101 1303 1368 1343 conferentem
1390 1317 1529 1343 versus
1552 1304 1601 1342 69
1624 1308 1663 1342 et
1685 1304 1736 1343 70
1765 1303 1879 1343 facile
1905 1303 2096 1343 inducant
2116 1310 2161 1343 ut
2180 1304 2286 1356 prio-

348 1389 431 1413 rem
461 1376 577 1412 istam
608 1373 940 1426 significationem
970 1373 1116 1422 foveat,
1148 1372 1219 1412 sed
1249 1372 1414 1412 alteram
1445 1372 1586 1412 suadet
1604 1372 1857 1423 Theocritus,
1888 1373 1957 1424 qui
1987 1373 2026 1411 in
2057 1372 2193 1426 idyllio
2225 1388 2287 1413 se-

349 1442 495 1493 cundo,
525 1442 634 1495 quod
664 1443 758 1481 huic
789 1442 953 1482 carmini
984 1447 1260 1495 argumentum
1291 1441 1413 1492 dedit,
1443 1442 1498 1482 ita
1528 1442 1668 1483 scribit

651 1515 724 1553 159
785 1516 835 1552 νῦν
865 1512 924 1566 μὲν
953 1515 1022 1560 τοῖς
1051 1512 1213 1563 φίλτροις
1242 1512 1507 1566 καταδήσομαι·
1539 1512 1577 1552 αι’
1603 1511 1638 1552 δ’
1667 1510 1716 1552 ἔτι
1744 1510 1838 1565 κη’μέ

785 1585 895 1636 λυπῇ,
925 1580 985 1620 τοῖν
1013 1579 1134 1620 Ἀΐδαο
1163 1580 1277 1620 πύλαι]
1307 1579 1358 1621 ναὶ
1387 1582 1523 1633 Μοίρας
1552 1581 1684 1632 σῖραξεῒ.

783 1650 864 1690 τοῖοί
891 1652 922 1690 οἱ
951 1652 982 1690 ἐν
1010 1648 1117 1702 ulo-ro}
1144 1646 1237 1688 κακοὶ
1264 1648 1438 1702 φάρμακα
1466 1647 1558 1704 φαμὶ
1588 1651 1791 1700 φυλάσσειν,

786 1716 975 1771 Ἀσσυρίου,
1005 1718 1181 1766 δέσποινα,
1211 1716 1307 1769 παραὶ
1336 1717 1455 1771 ξείνοιο
1485 1720 1656 1773 μαθσῖσα.

351 1791 442 1841 Quo
474 1795 637 1830 auctore
666 1804 747 1829 non
776 1790 855 1828 iam
885 1789 1169 1838 dubitabimus,
1201 1794 1328 1827 utram
1358 1803 1601 1829 venenorum
1632 1796 1814 1829 naturam
1829 1791 2031 1842 Vergilius
2063 1792 2191 1842 accipi
2221 1805 2289 1829 vo-

348 1861 485 1909 luerit;
520 1874 652 1911 neque
689 1860 837 1900 obsunt
867 1874 969 1911 quae
998 1859 1320 1912 pharmaceutria
1350 1859 1399 1898 de
1429 1860 1477 1898 iis
1507 1859 1626 1909 dixit3
1663 1861 1807 1912 quibus
1838 1860 2028 1913 exemplis
2057 1860 2136 1899 iam
2167 1874 2290 1913 appa-

348 1936 409 1970 ret
444 1930 604 1969 omnino
635 1930 716 1968 vim
752 1929 950 1981 quandam
986 1930 1243 1982 insigniorem
1277 1929 1326 1968 iis
1364 1929 1538 1968 attribui.
1595 1929 1763 1983 Vergilii
1798 1936 1930 1969 autem
1965 1930 2288 1982 pharmaceutria

350 2013 439 2038 cum
474 2000 530 2038 ita
565 1999 671 2038 dicat
708 2000 808 2038 nihil
839 2000 905 2037 ille
940 1999 1025 2037 deos
1060 2000 1120 2036 m’l
1153 2000 1329 2037 carmina
1358 2006 1492 2047 curat,
1527 2000 1720 2038 rationem
1751 2000 2008 2050 intelligimus
2039 2013 2134 2049 qua,
2171 2014 2288 2050 quem

350 2068 592 2108 carminibus
627 2058 747 2120 posse
782 2067 920 2107 reduci
956 2067 1158 2119 desperat,
1193 2081 1347 2106 veneno
1381 2068 1609 2107 interimere
1638 2068 1739 2107 velle
1771 2068 1945 2107 animum
1974 2067 2154 2107 inducat:
2191 2068 2289 2119 quid

352 2138 455 2177 enim
483 2138 607 2176 facias
637 2137 706 2186 illi,
737 2138 805 2188 qui
834 2151 909 2176 nec
940 2137 1035 2175 deos
1066 2150 1141 2175 nec
1171 2137 1346 2175 carmina
1376 2137 1514 2175 curat?
1560 2136 1650 2187 Quo
1675 2138 1803 2190 magis
1828 2138 2085 2189 perspicuum
2109 2137 2168 2186 fit,
2199 2152 2289 2176 cum

349 2206 444 2245 talia
478 2205 656 2256 affectet,
693 2206 789 2257 quid
824 2211 916 2259 agat
951 2205 1060 2257 quod
1095 2206 1246 2244 cineres
1283 2206 1427 2257 quibus
1464 2206 1563 2244 nihil
1599 2207 1737 2246 salutis
1772 2207 2024 2258 recuperavit
2058 2206 2166 2245 foras
2196 2207 2290 2244 ferri

352 2289 399 2314 ac
435 2274 621 2328 dissipari
649 2276 797 2315 iubeat.
854 2275 969 2313 Nihil
998 2275 1185 2314 videlicet
1212 2275 1289 2314 nisi
1318 2281 1363 2313 ut
1392 2275 1525 2314 locum
1556 2274 1653 2314 dent
1682 2276 1730 2315 iis
1761 2290 1860 2327 quae
1891 2276 1969 2315 iam
1998 2281 2186 2328 paratura
2215 2281 2289 2315 est.

351 2344 571 2383 Pulchrum
602 2351 734 2383 autem
764 2346 970 2383 invent-um
985 2343 1155 2396 Vergilii
1185 2350 1259 2393 est,
1288 2344 1328 2382 in
1358 2358 1437 2395 quo
1468 2344 1501 2382 is
1524 2344 1727 2384 Theocriti
1754 2346 1925 2396 vestigia
1952 2345 2071 2397 plane
2101 2345 2290 2394 deseruit,

354 2413 463 2463 quod
493 2414 541 2451 ab
572 2414 634 2454 his
664 2414 762 2465 ipsis
793 2413 992 2451 cineribus
1023 2414 1154 2451 subito
1177 2414 1318 2451 salutis
1339 2413 1549 2464 augurium
1571 2415 1679 2451 exire
1698 2414 1825 2466 fingit.
1874 2414 1957 2454 Sed
1977 2414 2182 2452 videamus
2204 2428 2291 2451 ver-

353 2496 421 2522 sus
451 2482 560 2534 ipsos
593 2482 738 2534 quibus
769 2482 846 2522 hoc
877 2482 1027 2536 agitur3
1058 2482 1125 2534 qui
1156 2482 1205 2522 ab
1235 2482 1520 2535 interpretibus
1551 2482 1679 2522 relicti
1710 2488 1778 2521 aut
1808 2497 1930 2536 prave
1956 2483 2205 2536 interpretati
2232 2483 2291 2522 in—

352 2551 490 2604 primis
520 2551 631 2605 digni
660 2558 753 2592 sunt
783 2566 884 2603 quos
915 2551 1135 2590 enarrando
1167 2551 1356 2591 adiuvare
1387 2551 1560 2591 studeas.

652 2623 728 2661 105
788 2622 935 2673 aspice,
966 2622 1157 2673 corripuit
1186 2621 1365 2661 tremulis
1395 2621 1534 2660 altaria
1563 2621 1730 2661 flammis

792 2696 935 2743 sponte
966 2705 1051 2741 sua,
1082 2690 1177 2730 dum
1207 2691 1310 2730 ferre
1339 2705 1486 2741 moror,
1517 2691 1615 2730 cinis
1645 2691 1741 2743 ipse.
1785 2692 1933 2731 bonum
1964 2693 2028 2731 sit.

791 2761 928 2799 nescio
960 2760 1057 2811 quid
1087 2766 1193 2799 certe
1223 2766 1298 2810 est,
1329 2767 1368 2799 et
1396 2760 1532 2812 Hylax
1561 2761 1601 2798 in
1630 2761 1765 2799 limine
1795 2761 1924 2799 latrat.

792 2827 1014 2869 credimus?
1065 2843 1115 2868 an
1147 2829 1214 2881 qui
1244 2834 1377 2869 amant
1405 2829 1483 2882 ipsi
1512 2829 1585 2869 sibi
1616 2830 1769 2869 somnia
1798 2829 1978 2883 fingunt?

355 2900 442 2940 Hos
478 2912 616 2939 versus
656 2904 847 2951 quattuor
884 2898 1082 2939 sententia
1119 2904 1159 2937 et
1195 2899 1385 2938 orationis
1422 2899 1532 2938 filum
1571 2899 1847 2939 demonstrant
1883 2913 1964 2937 non
2002 2913 2138 2939 omnes
2177 2901 2294 2940 unius

357 2984 444 3009 esse
473 2982 682 3020 personae,
714 2969 748 3008 si
779 2968 940 3019 quidem
969 2969 1037 3007 illa
1067 2970 1204 3021 aspice,
1234 2971 1423 3021 corripuit
1451 2970 1596 3008 altaria
1618 2971 1793 3020 flammis
1813 2977 1944 3021 sponte
1964 2985 2048 3018 sua,
2080 2971 2171 3008 dum
2187 2969 2296 3018 ferre

355 3052 492 3089 moror,
523 3038 620 3077 cinis
649 3038 728 3089 ipse
756 3051 839 3076 non
869 3036 1015 3077 decent
1043 3038 1121 3078 nisi
1140 3037 1403 3091 Amaryllida,
1435 3052 1536 3089 quae
1566 3037 1686 3078 modo
1713 3039 1821 3079 iussa
1842 3044 1928 3078 erat
1947 3038 2100 3079 cineres
2121 3039 2295 3088 auferre3
