2606 3522
1344 220 1370 262 8

381 341 476 382 dum
501 348 699 397 occupato
725 344 991 398 recognoscit.
1039 343 1166 384 Cuius
1190 344 1461 385 excusationis
1483 358 1603 395 quam
1624 357 1787 384 causam
1807 343 1932 384 fuisse
1954 343 2078 393 dicas,
2110 343 2142 382 si
2163 348 2232 382 aut
2251 342 2329 382 hoc

382 426 542 452 carmen
573 419 644 453 aut
672 414 901 455 bucolicum
932 427 1061 466 genus
1093 427 1209 453 omne
1240 413 1292 453 ad
1312 413 1508 453 Pollionis
1538 414 1692 453 iussum
1722 412 1853 452 rediit.
1898 413 2044 466 Itaque
2070 412 2186 452 aliter
2210 413 2333 452 inter-

381 488 601 534 pretamur,
629 483 853 523 Pollionem
880 489 1042 536 optasse
1068 484 1180 522 illum
1208 483 1368 535 quidem
1389 482 1452 522 vel
1478 487 1749 535 exspectasse,
1778 487 1938 535 poetam
1961 483 2131 522 amicum
2151 482 2192 522 in
2212 482 2333 522 rebus

383 552 573 592 secundis
603 554 679 593 sibi
707 569 787 592 non
813 554 1057 602 defuturum,
1077 553 1304 605 Vergilium
1325 558 1455 591 autem
1479 552 1630 591 altioris
1651 553 1729 591 stili
1750 566 1908 590 carmen
1931 552 2221 591 detrectantem
2244 565 2333 590 cum

383 619 612 662 bucolicum
647 622 822 662 mitteret
857 621 899 661 id
934 621 996 662 his
1027 622 1212 662 versibus
1247 621 1520 669 excusavisse,
1558 627 1603 660 ut
1638 621 1753 661 simul
1782 621 1931 672 insigni
1961 621 2079 661 laude
2108 621 2333 661 Pollionem

383 690 619 742 impertiret.
678 690 784 730 Nam
814 691 871 730 sic
900 704 1061 743 quoque
1092 691 1268 731 carmina
1298 696 1440 743 coepta
1471 689 1528 741 (h.
1551 704 1582 729 e.
1616 690 1858 743 composita)
1888 690 2008 731 iussis
2037 690 2233 730 Pollionis
2264 704 2333 743 ap-

384 760 537 811 pellare
572 761 722 812 potuit,
759 766 798 798 et
832 774 926 812 pars
962 761 1125 811 quidem
1163 761 1432 799 excusationis
1468 760 1509 798 in
1545 773 1592 798 eo
1627 761 1731 798 inest
1765 760 1875 812 ipso,
1912 759 2021 811 quod
2050 774 2131 798 non
2160 760 2335 799 iniussus

386 828 545 867 cecinit.
602 828 695 868 Hoc
731 829 1025 881 interpretandi
1060 829 1179 869 modo
1216 831 1333 869 nobis
1370 829 1445 868 hoc
1475 830 1650 868 assecuti
1680 828 1875 877 videmur,
1911 835 1956 867 ut
1985 830 2109 868 totius
2141 830 2335 881 prooemii

386 896 455 936 fila
485 911 565 949 quo
596 896 809 938 tenderent
838 897 1143 952 dispiceremus,
1173 904 1294 950 atque
1325 898 1621 938 admirabamur
1650 905 1776 938 artem
1806 904 1961 951 poetae,
1991 899 2060 950 qui
2086 898 2181 938 dum
2203 913 2335 938 errare

387 966 548 1006 videtur
582 967 716 1006 omnia
751 968 976 1008 certissimo
1012 968 1180 1008 consilio
1216 967 1406 1007 devinxit.
1466 966 1594 1007 Simili
1628 967 1796 1007 artificio
1827 967 1974 1007 mixtae
2006 981 2096 1007 cum
2125 967 2245 1008 laude
2274 982 2335 1008 re-

389 1037 629 1086 cusationis,
666 1037 707 1076 in
739 1052 819 1090 quo
850 1053 995 1092 genere
1026 1038 1186 1077 Horatii
1216 1044 1406 1077 venustas
1436 1038 1558 1087 nitet,
1596 1039 1760 1090 eclogae
1790 1043 1925 1077 sextae
1957 1038 2164 1077 exordium
2193 1039 2233 1077 in
2263 1038 2336 1077 ho-

388 1120 525 1146 norem
546 1105 647 1146 Vari
679 1108 925 1160 compositae
955 1108 1160 1161 probatur.

751 1177 886 1215 Prima
916 1176 1132 1229 Syracosio
1164 1177 1330 1229 dignata
1360 1182 1422 1215 est
1451 1177 1587 1216 ludere
1618 1190 1736 1216 versu

751 1252 892 1286 nostra
921 1261 995 1286 nec
1027 1247 1187 1286 erubuit
1218 1247 1339 1285 silvas
1370 1247 1551 1286 habitare
1580 1247 1733 1285 Thalia.

752 1331 843 1355 cum
874 1330 1057 1356 canerem
1088 1330 1205 1369 reges
1237 1321 1277 1354 et
1305 1316 1471 1368 proelia,
1503 1315 1702 1369 Cynthius
1734 1331 1869 1355 aurem

752 1385 864 1424 vellit
894 1392 934 1424 et
964 1385 1170 1424 admonuit
1199 1383 1428 1437 ‘pastore1n,
1459 1386 1611 1438 Tityre,
1642 1386 1810 1438 pingues

672 1456 694 1491 5
753 1468 918 1505 pascere
950 1460 1109 1505 oportet
1139 1468 1250 1503 oves,
1280 1454 1497 1492 deductum
1528 1454 1658 1493 dicere
1689 1455 1869 1493 carmen?

752 1537 858 1562 nunc
888 1537 963 1576 ego
997 1524 1187 1575 (namque
1218 1537 1340 1575 super
1370 1524 1441 1563 tibi
1473 1530 1589 1563 erunt
1618 1524 1685 1576 qui
1716 1524 1847 1563 dicere
1878 1525 2031 1573 laudes,

753 1593 875 1642 Vare,
903 1598 994 1632 tuas
1025 1593 1190 1645 cupiant
1221 1598 1260 1630 et
1288 1594 1419 1632 tristia
1448 1593 1620 1632 condere
1650 1593 1774 1645 bella)

755 1669 953 1714 agrestem
984 1663 1092 1701 tenui
1124 1661 1348 1701 meditabor
1378 1663 1571 1701 arundine
1601 1677 1766 1701 musam.

754 1746 834 1771 non
865 1732 1017 1771 iniussa
1046 1746 1157 1771 cano.
1204 1732 1330 1783 siquis
1360 1738 1494 1771 tamen
1525 1732 1624 1771 haec
1654 1746 1827 1784 quoque,
1859 1733 1984 1785 siquis

650 1803 698 1841 10
756 1807 899 1854 captus
931 1816 1066 1841 amore
1096 1802 1217 1854 leget,
1246 1808 1283 1840 te
1314 1807 1491 1850 nostrae,
1517 1801 1641 1851 Vare,
1670 1803 1858 1855 myricae,

754 1876 794 1911 te
824 1884 965 1910 nemus
997 1884 1111 1911 omne
1142 1875 1272 1920 canet,
1302 1884 1377 1910 nec
1406 1869 1575 1910 Phoebo
1605 1871 1757 1924 gratior
1785 1871 1866 1910 ulla
1896 1877 1958 1911 cst

757 1955 875 1992 quam
906 1941 981 1980 sibi
1012 1955 1113 1991 quae
1134 1940 1232 1979 Vari
1262 1941 1526 1992 praescripsit
1555 1941 1704 1993 pagina
1732 1955 1888 1980 nomen.

396 2011 511 2062 Quae
544 2025 661 2052 versu
697 2024 805 2050 nouo
841 2009 939 2049 dicit
968 2024 1046 2049 non
1074 2011 1226 2050 iniussa
1256 2024 1351 2050 cano
1381 2009 1502 2062 vulgo
1533 2009 1585 2048 ad
1613 2009 1769 2050 Phoebi
1798 2011 1950 2050 iussum
1980 2017 2232 2061 revocantur,
2270 2012 2340 2052 sed

393 2088 510 2120 tenor
539 2080 826 2119 sententiarum
857 2093 904 2117 ea
932 2092 1013 2117 non
1043 2079 1195 2131 patitur
1224 2079 1301 2118 nisi
1331 2079 1381 2118 ad
1401 2078 1555 2117 Varum
1585 2078 1786 2130 referri*):
1819 2079 1881 2118 cui
1908 2080 2059 2119 iubenti
2080 2080 2143 2119 vel
2164 2081 2339 2133 cupienti

393 2151 435 2188 in
470 2163 583 2188 suam
619 2148 778 2187 laudem
814 2147 966 2199 aliquid
1002 2162 1241 2200 componere
1271 2154 1432 2200 poetam
1469 2148 1537 2198 (cf.
1570 2147 1640 2186 ecl.
1663 2148 1701 2197 9,
1723 2149 1793 2200 26)
1823 2147 2028 2201 Vergilius
2059 2149 2115 2188 ita
2144 2149 2340 2189 obsecun-

396 2219 506 2258 davit
540 2224 585 2257 ut
617 2223 779 2257 caneret
808 2231 889 2255 non
921 2217 1029 2268 quod
1059 2218 1145 2269 ipse
1176 2217 1303 2256 voluit
1332 2223 1401 2256 aut
1430 2217 1495 2255 ille
1526 2217 1682 2269 optavit
1711 2217 1782 2256 sed
1812 2218 1920 2268 quod
1950 2218 2083 2270 potuit
2112 2218 2339 2258 bucolicum

396 2302 574 2337 carmen,
611 2286 721 2338 quod
749 2292 884 2326 tamen
915 2291 955 2325 et
984 2286 1136 2338 ipsum,
1171 2302 1220 2326 ne
1250 2287 1452 2338 ingratum
1481 2287 1616 2325 veniat
1645 2286 1792 2335 amico,
1822 2301 2037 2339 numquam
2058 2288 2156 2326 Vari
2186 2288 2337 2327 honore

396 2357 617 2397 cariturum
653 2361 885 2409 auguratur.
944 2353 1020 2394 Cui
1057 2355 1223 2395 carmini
1259 2369 1349 2395 cum
1383 2361 1505 2409 poeta
1537 2355 1624 2408 ipse
1658 2355 1895 2396 testificetur
1918 2355 2018 2396 Var’i
2046 2370 2193 2396 nomen
2223 2371 2340 2409 prae-

396 2427 590 2480 scriptum
625 2425 768 2475 fuisse,
803 2424 909 2464 idem
944 2430 988 2464 ut
1017 2425 1056 2464 in
1087 2425 1229 2479 ecloga
1258 2431 1401 2465 octava
1429 2425 1579 2466 factum
1610 2430 1813 2478 putemus,
1848 2427 2054 2479 prooemio
2084 2427 2173 2480 ipso
2204 2427 2341 2467 admo-

397 2511 551 2546 nemur,
586 2510 665 2547 quo
693 2494 918 2535 Pollionem
955 2495 1116 2547 quidem
1152 2496 1272 2535 certis
1307 2496 1465 2535 indiciis
1501 2495 1718 2548 significari
1747 2496 1939 2547 vidimus,
1974 2511 2121 2537 nomen
2156 2498 2242 2537 eius
2273 2499 2341 2550 qui

397 2567 623 2620 appelletur
650 2565 829 2617 positum
857 2579 939 2604 non
970 2571 1049 2604 est:
1081 2566 1194 2604 cuius
1223 2566 1279 2605 rei
1309 2565 1523 2605 insolentia
1552 2566 1732 2605 elevatur
1761 2572 1830 2605 aut
1859 2566 2081 2618 explicatur
2110 2567 2144 2606 si
2172 2572 2217 2606 ut
2241 2567 2341 2606 illud

396 2635 508 2675 Varo
537 2635 594 2674 ita
622 2634 700 2674 hoc
718 2634 894 2674 Pollioni
923 2634 1159 2686 inscriptum
1190 2647 1349 2674 carmen
1372 2634 1497 2674 fuisse
1520 2634 1651 2673 animo
1672 2635 1948 2685 informamus;
1978 2636 2114 2687 itaque
2134 2649 2224 2675 cum
2244 2635 2340 2676 olim

397 2705 583 2757 Heynius
612 2709 697 2743 tum
726 2711 932 2756 postremo
962 2703 1208 2743 Leutschius
1238 2703 1432 2742 iudicavit
1461 2703 1501 2741 in
1531 2703 1737 2755 philologo
1768 2705 1845 2743 vol.
1869 2706 1919 2743 22
1951 2719 1990 2757 p.
2013 2706 2111 2755 220,
2140 2705 2340 2758 plerisque

399 2779 468 2813 aut
496 2773 725 2813 tacentibus
756 2780 825 2813 aut
853 2774 1121 2827 incogitanter
1149 2773 1423 2812 renuentibus.
1470 2772 1559 2813 Nos
1590 2772 1775 2813 addimus
1805 2774 2030 2826 exemplum
2059 2788 2141 2813 non
2171 2789 2194 2813 a
2222 2781 2343 2827 poeta

399 2842 472 2884 scd
506 2858 555 2883 cx
581 2843 641 2883 M.
662 2842 860 2883 Varronis
897 2842 1038 2895 quinto
1076 2842 1124 2882 dc
1160 2840 1299 2894 lingua
1328 2842 1477 2883 Latina
1510 2842 1696 2894 petitum,
1734 2843 1802 2894 qui
1831 2843 1944 2883 initio
1975 2842 2095 2884 huius
2124 2842 2215 2883 libri
2244 2843 2344 2884 haec

588 2988 624 3035 *)
665 2988 749 3024 Non
779 2989 870 3035 fugit
897 2989 965 3024 hoc
983 2987 1197 3024 Kolsterum
1227 2988 1280 3034 (p.
1302 2988 1389 3033 109)
1419 2988 1484 3023 sed
1512 2988 1605 3023 idem
1635 2999 1699 3033 per
1726 2989 1898 3035 ambages
1922 2989 2153 3036 exspatiatus
2175 2989 2212 3023 in
2237 2989 2345 3025 devia

400 3052 594 3088 aberravit.
