2606 3522
1279 178 1309 221 4

697 308 737 342 et
765 308 920 342 mutata
950 316 1045 342 suos
1075 304 1310 355 requierunt
1338 304 1503 343 flumina
1533 317 1688 353 cursus,

618 373 640 412 5
699 372 901 413 Damonis
930 387 1086 413 musam
1117 373 1297 413 dicemus
1329 379 1369 412 et
1396 373 1673 429 Alphesiboei.

696 449 741 481 tu
771 442 882 491 mihi,
914 456 988 482 seu
1017 443 1153 496 magni
1184 457 1350 495 superas
1380 443 1458 482 iam
1489 457 1585 482 saxa
1613 443 1769 482 Timavi

700 511 784 551 sive
815 524 926 550 oram
955 510 1107 564 Illyrici
1136 511 1238 564 legis
1270 511 1471 564 aequoris,
1502 536 1551 542 --
1584 525 1633 551 en
1665 512 1740 551 erit
1769 525 1958 564 umquam

697 581 762 619 ille
794 580 896 630 dies,
926 580 1025 619 mihi
1057 594 1146 620 cum
1176 581 1296 621 liceat
1325 587 1394 620 tua
1423 581 1556 620 dicere
1585 580 1716 621 facta?

700 663 749 688 en
783 650 859 688 erit
888 654 934 688 ut
963 650 1086 688 liceat
1115 656 1245 689 totum
1276 651 1373 689 mihi
1402 651 1504 689 ferre
1534 665 1607 703 per
1636 651 1772 690 orbem

595 720 644 758 10
703 718 789 758 sola
820 717 1051 771 Sophocleo
1082 725 1152 759 tua
1182 720 1357 759 carmina
1387 719 1509 772 digna
1539 719 1763 760 cothurno?

703 802 725 828 a
754 793 795 828 te
824 787 1082 841 principium,
1111 788 1183 829 tibi
1213 788 1380 830 desinet.
1426 789 1562 843 accipe
1591 789 1711 830 iussis

703 857 880 897 carmina
910 863 1052 910 coepta
1082 857 1163 897 tuis
1195 863 1314 910 atque
1344 859 1447 899 hanc
1478 859 1563 899 sine
1593 865 1775 912 tempora
1805 859 1951 899 circum

700 927 805 966 inter
834 927 1020 966 victrices
1051 927 1240 966 hederam
1270 928 1343 967 tibi
1374 942 1531 980 serpere
1561 929 1708 967 laurus.

323 995 483 1045 Quibus
514 995 701 1036 versibus
738 1011 830 1036 cum
868 996 1054 1035 carminis
1091 1002 1373 1050 argumentum
1404 998 1556 1037 indicat
1588 1005 1627 1037 et
1656 998 1813 1037 extollit
1842 1003 1927 1037 tum
1958 999 2159 1051 significat
2188 1014 2277 1039 eum

323 1066 386 1105 cui
416 1066 496 1104 hoc
525 1080 671 1117 poema
702 1066 954 1117 inscripserit
985 1072 1024 1104 et
1054 1071 1264 1117 acceptum
1297 1081 1384 1107 esse
1414 1067 1522 1106 velit.
1579 1067 1692 1117 Quae
1723 1082 1786 1106 res
1816 1067 1918 1106 duae
1948 1082 2068 1107 unam
2099 1068 2278 1107 efficiunt

324 1133 565 1174 sententiam
606 1140 646 1174 et
688 1134 858 1174 eandem
896 1135 1189 1187 propemodum
1227 1136 1424 1176 rationem
1467 1136 1747 1189 cognoscimus
1788 1150 1890 1187 quae
1931 1142 1992 1176 est
2033 1137 2073 1176 in
2113 1137 2277 1176 exordio

327 1202 579 1257 Georgicon,
619 1204 696 1245 nisi
731 1204 842 1256 quod
876 1205 1002 1245 multo
1040 1205 1232 1258 prolixior
1270 1210 1310 1245 et
1347 1205 1602 1245 artificiosius
1641 1210 1794 1245 structa
1832 1210 1892 1246 est
1927 1206 2003 1247 ista
2040 1206 2190 1256 orati03
2230 1221 2278 1247 ex

327 1287 407 1325 qua
435 1287 567 1326 pauca
597 1273 820 1313 delibamus
849 1278 1005 1313 tantum
1035 1281 1081 1314 ut
1111 1276 1400 1314 sententiarum
1432 1288 1574 1314 cursus
1604 1275 1858 1327 percipiatur.

708 1341 818 1391 Quid
848 1343 968 1382 faciat
996 1344 1123 1383 laetas
1154 1351 1327 1395 segetes,
1358 1358 1438 1394 quo
1470 1344 1601 1382 sidere
1631 1349 1777 1382 terram

706 1417 875 1460 vertere,
903 1412 1137 1462 Maecenas,
1168 1413 1365 1463 ulmisque
1396 1412 1612 1464 adiungere
1643 1412 1744 1451 vites

707 1479 934 1531 conveniat,
964 1495 1067 1533 quae
1100 1496 1195 1522 cura
1224 1482 1360 1532 boum,
1391 1482 1459 1534 qui
1490 1480 1623 1521 cultus
1654 1480 1840 1522 habendo

709 1551 760 1589 sit
788 1551 939 1602 pecori,
970 1552 1113 1604 apibus
1145 1558 1295 1604 quanta
1326 1552 1571 1604 experientia
1601 1553 1746 1603 parcis,

627 1622 650 1659 5
708 1619 802 1659 hinc
835 1633 977 1660 canere
1007 1620 1210 1674 incipiam.
1255 1635 1343 1671 vos,
1374 1635 1396 1659 o
1428 1621 1650 1661 clarissima
1680 1620 1817 1660 mundi

706 1689 872 1739 lumina,
902 1690 1102 1730 labentem
1133 1691 1243 1731 caelo
1275 1705 1378 1743 quae
1409 1690 1556 1730 ducitis
1587 1705 1746 1741 annum,

707 1759 832 1799 Liber
862 1764 901 1798 et
932 1759 1036 1799 alma
1067 1759 1206 1811 Ceres,
1237 1791 1245 1800 .
1266 1792 1274 1800 .
1293 1792 1301 1800 .

602 1831 651 1868 10
711 1834 750 1869 et
779 1842 865 1879 vos,
897 1835 1101 1883 agrestum
1130 1830 1358 1883 praesentia
1388 1830 1566 1880 numina,
1597 1830 1716 1880 fauni,

1305 1905 1429 1951 tuque
1460 1914 1498 1948 o,
1529 1900 1592 1939 cui
1621 1900 1750 1952 prima
1778 1901 2013 1940 frementem

601 1967 650 2007 13
708 1965 814 2007 fudit
844 1980 990 2020 equum
1020 1982 1168 2022 magno
1200 1968 1319 2010 tellus
1348 1982 1541 2022 percussa
1569 1967 1749 2020 tridenti,

710 2036 914 2090 Neptune,
946 2067 954 2076 .
975 2067 983 2077 .
1003 2068 1012 2077 .

331 2200 480 2246 probari
505 2199 570 2233 sed
597 2210 642 2232 ne
667 2197 862 2232 memorari
886 2198 1049 2243 quidem)
1077 2204 1221 2244 poetam
1252 2210 1359 2232 unam
1389 2201 1604 2233 sententiam
1632 2200 1813 2235 formasse
1841 2201 1877 2234 iu
1907 2201 2002 2235 hunc
2029 2202 2175 2236 modum
2204 2214 2284 2248 quo-

332 2276 407 2298 rum
440 2265 592 2299 carmine
626 2269 655 2297 el
690 2262 805 2307 lynces
839 2262 1053 2307 stupefactae
1088 2268 1118 2296 et
1142 2263 1294 2307 flumina
1326 2269 1459 2298 mutata
1492 2275 1614 2299 cursus
1646 2267 1862 2309 requierunt,
1898 2273 1935 2300 ut
1968 2266 2066 2311 quod
2094 2278 2284 2301 commune

335 2326 525 2372 utriusque
554 2325 670 2372 partis
690 2325 840 2360 verbum
870 2334 952 2360 esse
978 2324 1140 2370 oportuit
1158 2325 1303 2371 proprie
1324 2325 1637 2361 accommodatum
1659 2326 1707 2361 sit
1727 2326 1771 2361 ad
1791 2327 1944 2362 alteram
1973 2327 2069 2373 (suos
2089 2330 2287 2374 requierunt

335 2388 492 2433 cursus):
522 2398 595 2434 quo
623 2398 755 2433 genere
784 2386 875 2421 nihil
904 2392 961 2421 est
987 2387 1213 2433 frequentius
1242 2388 1339 2434 apud
1360 2393 1487 2433 poetas
1508 2388 1706 2432 Romanos,
1735 2389 1832 2424 velut
1852 2390 1889 2425 in
1909 2390 2052 2425 Horatii
2072 2391 2194 2425 iambo
2214 2392 2257 2427 15

864 2451 902 2485 in
930 2451 1041 2485 verba
1067 2451 1214 2486 iurabas
1243 2463 1323 2486 mea
1350 2477 1358 2485 .
1378 2479 1385 2486 .
1403 2479 1411 2486 .

867 2514 950 2549 dum
978 2515 1101 2559 pecori
1129 2514 1239 2560 lupus
1268 2520 1303 2549 et
1330 2515 1450 2550 nautis
1479 2515 1634 2550 infestus
1664 2514 1777 2550 Orion

866 2575 1029 2612 turbaret
1056 2575 1248 2613 hibernum
1277 2588 1388 2621 mare,

865 2640 944 2674 fore
972 2639 1069 2674 hunc
1097 2651 1256 2675 amorem
1284 2647 1461 2684 mutuum,

336 2703 455 2738 omnis
489 2703 704 2745 difficultas,
738 2715 830 2749 quae
863 2703 1068 2738 criticorum
1103 2704 1249 2750 ingenia
1282 2710 1383 2739 tanto
1418 2717 1527 2750 opere
1556 2706 1720 2747 vexavit,
1754 2707 1913 2741 nascitur
1942 2719 1986 2741 ex
2015 2719 2058 2741 eo
2091 2709 2189 2752 quod
2217 2722 2286 2743 nou

337 2765 517 2802 communi
548 2765 658 2800 verbo
693 2771 728 2800 et
760 2765 885 2812 lupum
920 2771 955 2801 et
983 2765 1123 2801 Oriona
1157 2766 1372 2812 complexus
1400 2766 1494 2802 dixit
1524 2767 1624 2803 velut
1650 2769 1730 2803 dum
1755 2771 1873 2815 pecori
1901 2770 2004 2815 lupus
2033 2775 2063 2804 et
2091 2772 2208 2804 nautis
2238 2773 2288 2805 in-

329 2832 445 2875 festus
468 2828 574 2863 Orion
599 2829 728 2864 obesset
752 2828 808 2863 vel
835 2829 1073 2872 insidiaretur,
1102 2830 1164 2864 sed
1191 2830 1291 2864 illum
1317 2830 1526 2876 relinquens
1551 2831 1595 2865 ad
1621 2831 1715 2865 hune
1742 2838 1881 2867 tantum
1908 2833 2004 2878 quod
2024 2832 2150 2867 referri
2170 2834 2289 2879 possit

337 2892 488 2933 adiecit3
519 2897 554 2926 et
583 2898 703 2926 tamen
732 2902 848 2938 genus
876 2891 1021 2937 quidem
1050 2892 1143 2926 idem
1174 2893 1384 2939 agnoscitur
1411 2893 1468 2938 (ut
1496 2894 1684 2929 mittamus
1713 2894 1802 2940 alia)
1830 2895 1865 2929 in
1894 2896 2012 2930 iambo
2036 2895 2093 2938 12,
2114 2896 2134 2928 5

1201 2956 1368 3000 sagacius
1397 2967 1488 2989 unus
1517 2956 1662 2998 odoror,

870 3017 1029 3065 polypus
1059 3031 1103 3054 an
1132 3019 1255 3066 gravis
1282 3019 1434 3055 hirsutis
1462 3020 1567 3055 cubet
1594 3020 1715 3056 hircus
1743 3022 1779 3056 in
1809 3021 1889 3056 alis.
