2606 3522
1286 193 1310 234 7

326 316 573 357 adventurus
603 317 666 357 sit.
714 316 806 368 Quo
837 316 964 370 magis
996 320 1128 356 autem
1157 320 1279 370 poeta
1308 329 1351 356 se
1370 314 1570 354 desiderio
1598 314 1823 354 inferiorem
1845 328 1931 353 esse
1953 315 2089 363 sentit,
2120 327 2168 353 eo
2188 320 2273 353 stu-

325 385 479 426 diosius
509 390 712 426 asseverat
737 385 963 424 Pollionem
992 399 1035 425 se
1064 386 1235 438 primum
1266 390 1307 424 et
1335 390 1583 437 postremum
1613 384 1814 423 dicturum
1843 384 2035 435 nulloque
2064 398 2145 423 non
2174 389 2274 423 tem-

322 469 420 507 pore
458 457 542 495 sive
578 456 650 494 fiat
685 455 795 507 quod
824 461 939 507 optet
968 455 1053 494 sive
1082 468 1164 493 non
1193 454 1264 493 fiat
1290 454 1465 493 Pollioni
1494 468 1607 494 suam
1636 468 1792 494 musam
1822 453 1975 493 dicare:
2011 468 2037 492 a
2069 460 2102 492 te
2124 454 2274 506 princi-

316 526 451 577 pium,
489 525 558 565 tibi
591 526 747 564 desinet.
807 522 932 563 Cuius
962 523 1060 563 dicti
1089 537 1206 563 usum
1234 537 1362 576 paene
1390 522 1682 576 proverbialem
1712 522 1827 562 multi
1857 522 2097 574 tetigerunt,
2133 536 2273 574 quam-

326 608 445 646 quam
480 609 531 634 ne
565 594 608 634 id
644 593 806 647 quidem
841 593 939 634 satis
968 593 1252 647 intelligenter,
1287 592 1386 632 il-lud
1415 606 1533 632 nemo
1564 592 1682 643 dixit,
1719 591 1827 645 quod
1857 606 2054 631 summum
2085 597 2189 641 erat,
2227 598 2273 630 ut

323 669 467 716 poetae
504 664 715 704 consilium
753 669 984 717 appareret,
1021 663 1122 702 haec
1157 662 1359 702 sententia
1396 662 1493 714 quid
1529 662 1608 702 1100
1646 663 1736 701 1000
1773 661 1849 701 sibi
1884 661 2015 701 vellet.
2077 661 2200 712 Quod
2237 662 2270 701 si

321 739 429 773 recte
463 734 715 786 interpretati
750 747 907 783 sumus,
945 734 1064 772 simul
1098 732 1199 771 illud
1227 732 1465 784 intelligitur
1502 731 1579 771 hoc
1608 732 1761 771 dictum
1791 746 1815 770 a
1844 730 2117 784 superioribus
2146 731 2270 770 inter-

321 803 601 855 rogationibus
636 803 773 841 divelli
809 818 889 842 non
925 817 1046 855 posse
1083 801 1476 854 descriptionemque
1511 802 1697 842 carminis
1734 815 1836 854 quae
1874 800 1951 841 hoc
1987 802 2118 841 facere
2149 806 2271 855 cogat

320 872 399 911 iam
434 887 481 912 eo
516 872 676 912 nomine
705 872 971 912 reiectaneam
1002 886 1102 913 esse.
1161 869 1226 911 Ita
1254 885 1350 911 vero
1380 876 1596 924 postquam
1626 871 1764 911 nativo
1795 870 1914 910 animi
1943 876 2055 910 motu
2083 870 2269 924 pulcher-

320 941 421 980 rima
450 941 647 994 digressio
677 947 822 994 poetae
851 947 947 981 nata
975 947 1037 982 est
1066 947 1107 982 et
1136 946 1265 992 aucta,
1294 955 1375 981 non
1403 941 1552 994 repetit
1579 941 1844 993 interceptam
1874 940 2096 979 orationem
2121 964 2172 970 —
2199 954 2269 979 ne-

321 1023 398 1062 que
428 1011 532 1050 enim
563 1016 625 1051 est
654 1011 754 1051 haec
782 1010 1036 1063 parenthesis
1066 1025 1187 1064 quam
1208 1010 1391 1049 nonnulli
1410 1009 1672 1063 parenthesin
1693 1024 1781 1049 esse
1802 1010 1955 1059 volunt,
1985 1024 2065 1061 qua
2084 1015 2268 1061 exempta

319 1079 473 1130 reliqua
508 1080 635 1118 oratio
671 1080 712 1118 in
746 1094 870 1119 unum
907 1080 1102 1120 confluat:
1138 1081 1329 1120 Damonis
1356 1095 1507 1119 musam
1536 1081 1704 1119 dicemus
1732 1087 1769 1118 et
1795 1079 2053 1132 Alphesiboei.-
2089 1086 2131 1118 tu
2158 1079 2265 1128 milti,

319 1162 384 1188 seu
419 1150 556 1202 maqni
587 1163 749 1202 superas
784 1150 865 1188 iam
899 1164 996 1189 saxa
1033 1149 1189 1189 Timavi
1216 1150 1291 1189 sive
1318 1163 1428 1189 oram
1455 1147 1613 1203 Illyrici
1642 1148 1733 1201 leyis
1761 1150 1957 1202 aequoris,
1993 1149 2124 1202 accipe
2150 1149 2265 1187 iussis

317 1220 496 1259 carmina
526 1227 655 1273 coepta
686 1221 762 1259 tuis
772 1236 782 1269 3
821 1234 952 1273 neque
988 1219 1089 1260 haec
1124 1220 1251 1260 oratio
1286 1220 1376 1273 ipsa
1409 1219 1607 1259 curiosius
1642 1219 1900 1272 perspicienti
1929 1218 2087 1272 placere
2115 1222 2264 1271 potest,

320 1289 474 1329 etiamsi
507 1290 603 1329 mihi
629 1291 761 1343 accipe
797 1290 987 1344 coniungi
1021 1304 1141 1343 posse
1170 1290 1367 1330 concedas
1398 1315 1447 1320 —
1479 1289 1551 1329 sed
1578 1289 1684 1328 illam
1715 1290 1989 1342 imperfectam
2018 1288 2262 1340 relinquens,

319 1358 430 1398 nulla
459 1372 549 1399 cum
579 1358 824 1400 obscuritate
853 1364 898 1399 ut
925 1359 1044 1400 nobis
1073 1360 1203 1400 visum
1234 1365 1315 1411 est,
1352 1374 1498 1399 novam
1527 1358 1648 1398 telam
1679 1373 1795 1398 orsus
1825 1359 1903 1398 alio
1932 1358 2052 1398 modo
2081 1357 2125 1397 id
2153 1357 2262 1410 quod

320 1433 411 1468 ante
441 1428 621 1469 dicturus
652 1435 738 1468 erat
767 1429 880 1469 effert
908 1430 966 1468 ita
993 1435 1040 1469 ut
1067 1430 1309 1482 politissima
1338 1436 1422 1469 arte
1452 1429 1528 1468 toti
1559 1428 1722 1468 exordio
1753 1429 1873 1468 finem
1901 1430 2102 1482 imponat:
2131 1430 2262 1481 accipe

317 1499 434 1537 iussis
469 1500 647 1538 carmina
684 1506 814 1552 coepta
856 1500 930 1538 tuis
963 1506 1078 1553 atque
1111 1499 1211 1538 lianc
1246 1501 1328 1538 sine
1363 1506 1532 1552 tempora
1567 1500 1712 1538 circum
1744 1500 1845 1538 inter
1877 1500 2047 1538 victrices
2082 1498 2260 1538 hederam

321 1568 392 1605 tibi
423 1583 569 1621 serpere
605 1570 751 1608 laurus.
813 1567 935 1619 Quod
970 1568 1109 1609 scribit
1145 1570 1321 1609 carmina
1356 1575 1567 1621 poetarum
1602 1583 1712 1609 more
1746 1569 1890 1618 utitur;
1927 1583 2019 1609 nam
2052 1582 2135 1608 non
2168 1567 2259 1621 plus

319 1650 437 1688 quam
472 1637 551 1677 hoc
581 1652 739 1678 carmen
771 1638 870 1677 dicit
900 1652 1068 1690 eamque
1097 1638 1184 1677 vult
1212 1638 1400 1678 hederam
1430 1652 1517 1678 esse
1548 1652 1650 1690 quae
1680 1637 1963 1690 triumphatori
1990 1638 2095 1677 inter
2122 1637 2259 1676 victri-

317 1720 385 1746 ces
414 1706 548 1747 laurus
578 1714 727 1761 serpat.
787 1706 869 1749 Sed
898 1708 1008 1760 quod
1035 1709 1151 1749 iussis
1178 1708 1374 1750 Pollionis
1404 1710 1583 1749 carmina
1612 1715 1743 1762 coepta
1773 1708 1964 1762 appellat,
1992 1707 2173 1762 plerique
2203 1707 2259 1746 ita

316 1775 642 1830 interpretantur,
677 1782 723 1818 ut
750 1776 976 1832 Vergilium
1003 1777 1187 1817 Pollione
1223 1783 1387 1818 auctore
1421 1778 1472 1817 ad
1506 1778 1647 1831 poesin
1682 1778 1906 1817 bucolieam
1940 1778 2160 1817 accessisse
2189 1783 2260 1815 aut

318 1851 426 1885 certe
460 1846 539 1886 hoc
574 1848 803 1887 bucolicum
839 1861 1000 1888 carmen
1035 1862 1083 1887 eo
1117 1849 1280 1888 iubente
1316 1849 1591 1901 composuisse
1627 1854 1799 1889 sumant.
1859 1847 2041 1898 Quorum
2070 1852 2257 1888 neutrum

316 1915 528 1956 stabilibus
567 1917 789 1957 rationibus
825 1917 1016 1957 firmatur.
1081 1916 1189 1957 Illud
1227 1917 1389 1969 quidem
1426 1916 1590 1959 Servius
1627 1923 1763 1957 narrat
1796 1917 1838 1957 in
1874 1917 1958 1957 vita
1985 1917 2154 1971 Vergilii
2192 1917 2256 1958 his

316 1985 468 2027 verbis:
499 1988 705 2041 proposuit
731 1988 767 2027 ei
792 1986 919 2028 Pollio
949 1994 993 2027 ut
1020 2000 1176 2027 carmen
1205 1987 1417 2028 bucolicum
1445 1988 1637 2039 scriberet,
1673 1989 1777 2042 quod
1803 2001 1887 2027 eum
1916 1994 2064 2027 constat
2093 1988 2255 2026 triennio

314 2058 507 2110 scripsisse
534 2065 570 2097 et
597 2058 870 2111 emendussd).
920 2057 1004 2098 Sed
1026 2057 1250 2110 Vergilium
1279 2058 1411 2110 ipsum
1442 2059 1475 2098 si
1506 2058 1763 2108 consulimus,
1793 2059 1827 2098 is
1857 2059 1897 2097 111
1925 2057 2109 2098 Pollione
2139 2072 2255 2097 num-

315 2140 436 2177 quam
470 2126 555 2167 sine
592 2127 848 2167 excusatione
883 2126 1000 2166 huius
1032 2127 1201 2179 agrestis
1231 2141 1367 2167 musae
1401 2128 1645 2168 mentionem
1675 2128 1790 2176 facit3
1827 2128 1896 2179 qui
1925 2127 2106 2180 eclogam
2137 2141 2254 2178 quar-

314 2199 398 2236 tam
424 2195 600 2237 Pollioni
628 2196 861 2250 inscriptam
891 2195 948 2236 sic
977 2196 1117 2250 incipit

744 2265 939 2307 Sicelides
968 2281 1118 2317 musae,
1147 2267 1282 2320 paullo
1313 2267 1464 2307 maiora
1492 2281 1695 2308 canamus.

741 2350 822 2375 non
852 2350 990 2375 omnes
1019 2336 1184 2376 arbusta
1210 2337 1351 2376 iuvant
1378 2336 1629 2389 humilesque
1658 2337 1851 2389 myricae3

742 2407 776 2446 si
806 2406 986 2446 canimus
1016 2406 1152 2457 silvas,
1182 2406 1307 2447 silvae
1337 2407 1418 2446 sint
1447 2407 1611 2447 consule
1641 2406 1806 2460 dignae3

311 2474 418 2515 idem
445 2474 488 2514 in
516 2475 636 2515 tertia
661 2476 752 2528 (84)
781 2476 910 2515 Pollio
938 2476 1071 2528 inquit
1097 2483 1207 2515 amat
1233 2483 1407 2516 nostram
1435 2478 1612 2529 quamvis
1640 2484 1695 2516 est
1721 2478 1866 2515 rustica
1894 2490 2056 2515 musam.
2105 2476 2251 2529 Neque

312 2558 336 2583 a
368 2544 496 2584 nostri
533 2544 719 2584 carminis
753 2544 958 2597 prooemio
995 2545 1293 2585 excusationem
1328 2546 1469 2585 abesse
1504 2546 1652 2585 sentiat
1686 2551 1846 2598 oportet
1879 2546 1948 2597 qui
1982 2545 2114 2585 animo
2149 2560 2250 2585 non-

497 2718 531 2768 ¹‘)
572 2721 704 2758 Melius
732 2720 899 2757 Donatus
931 2721 969 2756 in
999 2721 1076 2756 vita
1106 2726 1232 2757 narrat
1263 2733 1341 2757 mox
1372 2733 1448 2757 cum
1479 2733 1534 2757 res
1561 2722 1739 2757 Romanas
1773 2722 1965 2757 inchoasset
1996 2721 2143 2767 offensus
2174 2733 2249 2757 ma-

311 2786 399 2819 teria
427 2786 477 2820 ad
503 2785 660 2820 bucolica
689 2787 826 2819 transiit
851 2787 998 2819 maxime
1024 2791 1061 2820 ut
1087 2784 1249 2820 Asinium
1271 2785 1475 2830 Pollionem,
1503 2786 1700 2832 Alphenum
1724 2786 1854 2821 Varum
1880 2792 1911 2821 et
1942 2785 2138 2821 Cornelium
2160 2784 2249 2821 Gal-

309 2848 380 2884 lum
407 2848 604 2891 celebraret,
633 2850 718 2895 quia
743 2850 781 2884 in
808 2847 1048 2884 distributione
1073 2859 1239 2895 agrorum
1267 2875 1275 2882 .
1293 2875 1301 2883 .
1328 2849 1518 2884 indemnem
1544 2860 1581 2884 se
1601 2850 1872 2896 praestitissent3
1901 2848 1960 2883 vel
1986 2848 2133 2884 Probus
2162 2849 2249 2884 item

308 2911 345 2946 in
376 2912 452 2948 vita
479 2917 605 2959 postea
636 2913 815 2948 restitutus
842 2912 999 2958 beneficio
1027 2911 1181 2958 Alpheni
1201 2911 1302 2955 Vari,
1332 2912 1450 2948 Asinii
1473 2912 1644 2948 Pollionis
1672 2918 1703 2947 et
1733 2913 1884 2948 Cornelii
1912 2911 2025 2954 Galli,
2060 2913 2186 2958 quibus
2212 2915 2249 2947 in

307 2974 469 3011 bucolicis
497 2975 677 3012 adulatur.
718 2974 951 3021 Quamquam
978 2986 1044 3010 nee
1070 2975 1108 3010 hi
1133 2987 1201 3011 nec
1227 2976 1291 3011 ille
1317 2976 1516 3022 quidquam
1543 2975 1588 3010 de
1614 2976 1672 3011 his
1699 2977 1807 3011 rebus
1830 2976 2014 3023 cognitum
2033 2975 2247 3019 habuerunt,

305 3038 379 3072 nisi
407 3038 504 3085 quod
531 3050 578 3073 ex
605 3039 695 3085 ipsis
723 3037 942 3073 carminibus
971 3038 1139 3083 colligere
1168 3038 1282 3074 licuit.
