2528 3522
510 1151 1109 1209 VNIVERSITATIS
1146 1151 1677 1208 LITTERARIAE

723 1301 1084 1350 FRIDERICAE
1121 1300 1466 1350 GVILELMAE

345 1454 898 1534 RECTOR
972 1455 1138 1533 ΕΤ
1206 1450 1844 1533 SENATVS.

131 1683 417 1772 Consuetum
447 1741 592 1767 munus
620 1726 824 1767 indicendi
854 1726 1012 1767 scholas
1044 1727 1294 1767 academicas
1324 1741 1348 1766 a
1377 1726 1649 1781 disputatione
1669 1724 1905 1779 Vergiliana
1934 1723 2065 1776 auspi-

127 1797 317 1847 cabimur,
348 1796 498 1850 duplici
527 1797 707 1846 consilio,
736 1797 906 1849 primum
935 1802 981 1837 ut
1011 1797 1231 1850 specimina
1259 1797 1600 1849 interpretationis
1626 1795 1857 1848 philologae
1878 1809 1927 1834 ex
1946 1794 2064 1834 huius

124 1872 266 1918 poetae
297 1868 469 1906 carmine
498 1867 637 1919 petita,
666 1880 796 1918 pauca
825 1880 920 1906 sane
949 1880 1024 1906 nec
1053 1867 1148 1906 satis
1174 1867 1348 1919 insignia
1368 1866 1442 1907 sed
1460 1880 1542 1905 non
1562 1867 1718 1905 inutilia
1736 1866 1907 1905 fortasse
1927 1865 1975 1904 iis
1996 1864 2065 1915 qui

126 1936 177 1975 ad
206 1936 307 1976 haec
336 1936 468 1976 studia
497 1951 539 1977 se
569 1936 664 1976 dare
695 1937 878 1989 cupiunt,
912 1950 1204 1989 proponamus,
1239 1936 1385 1976 deinde
1415 1937 1449 1976 si
1479 1950 1692 1989 possumus
1721 1949 1897 1976 errorem
1927 1948 2063 1974 eorum

126 2018 389 2058 coarguamus
425 2006 459 2045 si
496 2005 564 2058 qui
602 2005 677 2045 sibi
710 2012 1000 2057 persuaserunt
1034 2006 1074 2044 in
1101 2005 1272 2059 Vergilii
1307 2006 1419 2046 libris
1454 2005 1572 2045 toties
1607 2005 1906 2058 philologorum
1941 2017 2064 2056 opera

123 2075 390 2127 pervolutatis
424 2075 524 2113 nihil
552 2076 631 2113 iam
661 2089 750 2114 esse
780 2075 889 2126 quod
919 2075 1028 2114 docti
1057 2076 1286 2128 interpretis
1317 2090 1451 2114 curam
1481 2076 1675 2127 requirat,
1711 2075 1779 2126 qui
1809 2074 1924 2114 nobis
1954 2074 2065 2114 nulla

123 2160 165 2185 re
201 2145 328 2198 magis
365 2144 546 2198 indigere
582 2159 701 2196 quam
737 2137 989 2185 enarratione
1024 2160 1071 2185 ea
1099 2145 1259 2186 videtur
1293 2159 1395 2198 quae
1430 2159 1473 2185 se
1502 2150 1626 2185 totam
1657 2145 1698 2185 in
1727 2145 1890 2185 intimos
1919 2149 2063 2197 poetae

123 2227 263 2254 sensus
299 2213 474 2254 insinuet
509 2219 549 2253 et
583 2214 680 2253 artis
718 2213 862 2253 itinera
897 2227 944 2253 ac
978 2213 1121 2254 modos
1157 2214 1316 2268 penitus
1350 2214 1567 2268 perspiciat
1603 2228 1651 2254 ac
1680 2213 1912 2267 patefaciat3
1954 2212 2063 2266 quod

123 2297 205 2322 non
241 2284 298 2322 ita
333 2283 503 2323 dicimus
542 2284 657 2335 quasi
691 2297 766 2322 nos
802 2284 1005 2336 possimus
1043 2284 1182 2323 afferre
1219 2284 1331 2336 quod
1364 2285 1412 2323 ab
1450 2285 1535 2323 aliis
1571 2285 1754 2323 relictum
1787 2284 2062 2336 intelligimus,

123 2352 194 2392 sed
223 2353 319 2391 artis
348 2353 518 2392 interest
546 2367 596 2391 ne
617 2358 786 2405 vagetur
815 2359 884 2392 aut
911 2354 952 2392 in
982 2354 1116 2393 limine
1147 2354 1341 2393 subsistat
1368 2360 1477 2393 recte
1508 2354 1604 2406 poni
1632 2359 1778 2393 metam
1808 2367 1910 2404 quae
1941 2368 2062 2405 appe-

121 2420 244 2460 tenda
272 2421 336 2461 sit.
395 2421 477 2463 Sed
507 2420 765 2476 aggredimur
793 2421 844 2461 ad
873 2436 969 2462 rem.

308 2489 501 2530 Bucolico
533 2490 696 2530 carmini
725 2495 870 2530 octavo
889 2491 1093 2544 Vergilius
1122 2492 1315 2545 prooemii
1345 2492 1435 2531 loco
1466 2492 1539 2531 hos
1569 2504 1708 2530 versus
1738 2491 1956 2544 praemisit.

495 2561 709 2599 Pastorum
739 2575 893 2601 musam
921 2561 1120 2601 Damonis
1151 2568 1191 2601 et
1221 2561 1497 2614 Alphesiboei,

494 2630 701 2671 immemor
729 2631 941 2672 herbarum
970 2646 1071 2684 quos
1103 2638 1165 2671 est
1193 2632 1337 2672 mirata
1365 2632 1533 2672 iuvenca

495 2706 708 2752 certantes,
738 2716 908 2755 quorum
938 2701 1230 2755 stupefactae*)
1264 2703 1438 2742 carmine
1468 2702 1608 2755 lynces

305 2870 341 2915 *)
382 2871 504 2917 Vulgo
538 2872 766 2918 distinguunt
800 2873 999 2908 sententias
1031 2877 1068 2906 et
1100 2874 1314 2918 stupefactae
1345 2878 1424 2907 sunt
1456 2871 1681 2918 intelligunt3
1719 2870 1818 2916 quod
1851 2870 2059 2916 exemplum

118 2932 246 2968 omissi
278 2933 378 2967 verbi
407 2934 624 2969 substantivi
648 2934 860 2971 Fridericus
879 2934 957 2970 Leo
987 2934 1167 2980 (senecae
1186 2936 1257 2971 vol.
1277 2935 1416 2980 1,188)
1445 2933 1800 2969 commemorandum
1824 2933 1938 2967 duxit.
1985 2932 2057 2967 Ne-

118 3009 187 3042 que
219 3007 393 3043 negamus
421 2996 472 3030 ita
500 2998 610 3032 verba
637 3000 752 3044 accipi
781 3010 908 3043 posse,
942 3000 1006 3033 sed
1033 2999 1268 3034 verisimilius
1297 3000 1440 3034 videtur
1467 2997 1583 3042 (quod
1614 2997 1742 3031 mirere
1770 3009 1791 3030 a
1817 2996 1958 3030 nemine
1984 3007 2056 3030 non

1753 3058 1806 3103 l*
