2606 3522
1362 206 1386 249 6

403 326 626 381 ignorasse,
656 332 701 367 ut
731 328 800 380 qui
830 333 899 369 aut
926 328 1029 369 haec
1058 329 1170 384 iungi
1200 329 1367 371 iubeant
1398 329 1459 371 Tu
1487 330 1584 371 mihi
1609 331 1739 383 accipe
1766 331 1880 370 iussis
1905 330 2081 372 carmina
2108 336 2241 383 coepta
2271 330 2352 370 tuis

403 411 506 449 quae
538 397 730 452 coniungi
760 412 841 438 non
870 411 991 451 posse
1022 398 1129 439 ultro
1160 405 1329 453 apparet
1359 405 1399 440 et
1426 404 1568 453 postea
1595 399 1842 453 intelligetur
1871 400 2015 454 magis,
2045 404 2116 440 aut
2138 413 2360 453 pronomen

403 467 457 505 ad
493 481 560 505 seu
598 482 759 520 superas
797 468 935 506 referri
974 468 1224 508 hariolentur
1261 470 1428 521 aliisque
1465 469 1595 508 modis
1633 469 1769 508 multis
1805 470 2017 521 ineptiant.
2078 469 2159 519 Qui
2197 468 2359 520 quidem

405 536 599 589 exemplis
631 551 734 589 quae
763 536 937 577 diximus
967 552 1103 577 veram
1132 539 1381 591 pronominis
1412 552 1576 579 causam
1605 543 1645 578 et
1673 538 1869 578 rationem
1900 538 2055 578 discere
2084 543 2291 591 poterant,
2324 538 2359 578 si

405 605 527 646 modo
563 621 754 659 umquam
789 606 856 647 isti
889 606 1131 660 interpretes
1156 607 1384 661 Vergiliani
1419 614 1629 661 poetarum
1664 622 1815 648 morem
1851 613 1892 648 et
1920 607 2084 648 modum
2114 621 2359 662 cognoscere

406 676 509 716 velle
547 676 769 730 impensius
808 676 1028 717 studerent.
1094 677 1235 719 Possis
1275 684 1409 719 autem
1446 678 1719 731 imperfectam
1759 677 1981 717 orationem
2018 677 2083 717 vel
2121 678 2199 718 hoc
2239 677 2359 718 modo

406 746 596 799 supplere
637 754 677 785 tu
712 746 809 785 milti
843 746 974 786 deinter
1008 748 1101 786 acles
1139 748 1323 801 exemplo
1362 747 1585 797 Ovidiano,
1620 748 1686 787 vel
1721 761 1812 787 cum
1840 746 2023 800 Vergilio
2059 747 2150 800 ipso
2189 755 2228 786 tu
2263 748 2361 787 mihi

403 817 511 854 adsis
538 816 704 864 savens3
744 822 783 854 et
811 816 911 855 haec
943 818 1163 866 sententia,
1201 832 1302 869 quae
1333 819 1431 857 satis
1462 817 1711 868 significatur
1739 817 1872 856 verbis
1902 831 2005 867 quae
2034 818 2167 868 posita
2196 824 2289 857 sunt
2319 826 2359 855 tu

404 886 514 934 mihi,
547 899 627 936 quo
665 884 914 924 commodius
945 901 1085 926 versus
1116 887 1268 939 primos
1299 888 1367 938 qui
1397 893 1677 939 argumentum
1707 886 1889 925 indicant
1919 886 2111 938 excipiat,
2142 887 2254 926 suavi
2283 886 2358 926 cir-

403 955 514 994 cuitu
550 970 574 993 a
610 969 690 1006 quo
722 969 843 995 versu
873 969 1010 995 orsum
1042 961 1105 995 est
1134 970 1295 995 carmen
1326 957 1539 996 Pastorum
1567 971 1720 995 musam
1748 955 1939 995 Damonis
1966 963 2003 995 et
2030 956 2274 1008 Alphesiboei
2306 954 2357 994 ad

403 1038 493 1064 eum
522 1023 735 1064 interiecta
763 1029 974 1077 pastorum
1003 1024 1122 1065 laude
1152 1025 1254 1065 redit
1283 1027 1412 1066 oratio
1439 1024 1917 1079 comprehensionemque
1944 1024 2136 1065 absolvit:
2166 1025 2357 1064 Damonis

400 1108 552 1132 musam
583 1095 755 1132 dicemus
785 1102 821 1132 et
848 1095 1102 1146 Alphesiboei.
1163 1095 1306 1146 Itaque
1344 1096 1460 1147 primi
1497 1096 1683 1134 carminis
1715 1096 1796 1133 vim
1831 1095 1896 1133 his
1932 1095 2015 1132 fere
2045 1094 2179 1133 verbis
2208 1094 2355 1133 reddas

398 1160 620 1204 “Damonis
662 1169 701 1203 et
739 1163 1005 1216 Alphesiboei
1044 1164 1112 1215 qui
1151 1163 1307 1216 Orphei
1346 1165 1473 1204 instar
1511 1165 1684 1204 carmine
1712 1161 1940 1203 ‘detinuisse
1976 1162 2082 1203 feras
2120 1168 2161 1202 et
2199 1164 2356 1203 concita

399 1233 564 1273 flumina
594 1232 850 1274 sustinuisse'
878 1233 1080 1283 dicuntur,
1110 1240 1317 1286 pastorum
1338 1235 1534 1274 Damonis
1562 1240 1600 1274 et
1619 1234 1884 1287 Alphesiboei
1909 1247 2065 1273 musam
2086 1232 2281 1274 dicemus:
2311 1239 2356 1274 tu

398 1303 497 1343 mihi
533 1303 643 1344 adsis
679 1301 854 1356 precor.”
912 1302 1005 1354 Qua
1035 1305 1217 1343 oratione
1247 1304 1348 1343 nihil
1377 1305 1681 1344 convenientius
1711 1304 1805 1343 huic
1833 1302 1999 1343 exordio
2030 1309 2100 1342 aut
2129 1303 2206 1342 hoc
2235 1309 2354 1356 poeta

399 1373 529 1427 magis
565 1373 734 1428 dignum
772 1387 861 1413 esse
896 1373 1042 1426 potuit.
1105 1372 1226 1424 Quod
1262 1373 1314 1413 ad
1350 1373 1418 1413 illa
1458 1382 1497 1413 tu
1534 1374 1630 1413 mihi
1663 1373 1774 1413 addit
1808 1388 1873 1413 seu
1906 1374 2044 1426 ‘mayni
2078 1387 2239 1426 superas
2274 1375 2354 1413 iam

398 1458 496 1483 saxa
533 1443 688 1483 Timavi
715 1445 791 1483 sive
819 1457 930 1482 oram
958 1444 1116 1497 Illyrici
1145 1444 1237 1496 leyis
1266 1446 1457 1496 aequoris,
1493 1443 1533 1483 id
1564 1457 1724 1496 quoque
1756 1443 1948 1496 exemplis
1979 1457 2102 1495 supra
2132 1443 2263 1483 allatis
2293 1443 2352 1482 in-

397 1513 595 1567 telligitur
625 1512 931 1553 consuetudinis
968 1526 1056 1553 esse
1089 1513 1292 1566 poeticae,
1330 1527 1431 1565 quae
1468 1514 1671 1566 propriam
1709 1513 1845 1553 sedem
1882 1512 2006 1552 habet
2040 1513 2081 1552 ni
2110 1512 2284 1552 fallimur
2312 1513 2353 1552 in

397 1584 561 1622 deorum
593 1583 950 1636 appellationibus,
980 1597 1060 1634 quo
1090 1584 1285 1622 intentius
1316 1597 1390 1635 ops
1422 1583 1557 1622 divina
1587 1589 1815 1636 appetatur,
1847 1589 1887 1622 et
1915 1582 2071 1621 radices
2102 1597 2195 1621 suas
2225 1597 2352 1633 usque

396 1667 419 1692 a
457 1653 700 1693 carminibus
738 1652 967 1692 Homericis
1007 1651 1130 1691 ducit.
1190 1651 1271 1691 Sed
1306 1652 1512 1705 Vergilius
1551 1666 1654 1704 quae
1694 1653 1785 1692 loca
1822 1651 1920 1692 dicit
1958 1652 2150 1691 indicium
2186 1652 2351 1702 faciunt,

396 1724 510 1762 cuius
546 1723 706 1775 pondus
743 1723 829 1762 aliis
865 1737 969 1774 quae
1004 1728 1148 1774 postea
1184 1722 1363 1762 dicemus
1402 1728 1586 1775 augetur,
1622 1722 1724 1762 haec
1759 1737 1849 1762 eum
1879 1722 2074 1762 Pollionis
2105 1736 2228 1762 causa
2256 1722 2351 1762 scri-

394 1792 525 1846 psisse
561 1791 721 1833 reducis
758 1806 807 1832 ex
835 1790 1124 1832 Parthinorum
1162 1790 1432 1845 expeditione.
1490 1791 1596 1832 Nam
1633 1791 1743 1845 quod
1780 1796 1874 1833 sunt
1909 1791 1978 1844 qui
2008 1791 2240 1845 Augustum
2277 1805 2350 1845 pro

394 1863 577 1901 Pollione
614 1862 850 1915 intelligenti
885 1862 1024 1900 lectori
1061 1861 1302 1911 obtrudant,
1337 1862 1585 1912 miraremur,
1620 1863 1654 1901 si
1690 1862 1786 1914 quid
1822 1861 2046 1901 mirandum
2083 1868 2190 1901 esset
2218 1863 2258 1900 in
2288 1863 2350 1911 iis,

395 1933 463 1984 qui
500 1945 591 1971 cum
628 1932 704 1971 sibi
740 1937 900 1971 sumant
937 1937 982 1971 ut
1016 1938 1198 1971 veterum
1234 1937 1375 1984 poetas
1410 1932 1524 1972 navis
1559 1931 1884 1972 adolescentibus
1922 1931 2155 1983 explanent,
2197 1933 2349 1971 fumum

393 2017 468 2056 pro
498 2002 588 2042 luce
618 2002 667 2042 iis
698 2001 873 2042 vendere
903 2016 983 2041 non
1015 2002 1269 2043 erubescunt.
1314 2001 1370 2041 Et
1399 2016 1473 2042 nos
1504 2001 1706 2052 admira'ri,
1735 2002 1913 2053 iuvenes,
1942 2003 1984 2042 in
2010 2002 2156 2054 quibus
2184 2002 2350 2055 paulum

393 2072 513 2111 modo
548 2072 721 2125 ingenii,
755 2077 817 2110 tot
851 2085 978 2111 annos
1013 2078 1095 2110 tam
1125 2072 1289 2111 inficeta
1319 2072 1503 2112 doctrina
1531 2073 1725 2122 nutritos,
1761 2073 1929 2112 simulac
1957 2073 2184 2112 libertatem
2213 2072 2349 2112 iudicii

393 2142 501 2181 nacti
537 2147 649 2190 sunt,
684 2146 827 2193 poetas
862 2155 943 2180 una
977 2155 1068 2180 cum
1103 2141 1223 2181 claris
1259 2141 1546 2193 interpretibus
1583 2141 1736 2181 deferre
1771 2142 1811 2180 in
1847 2142 1979 2181 vicum
2009 2141 2249 2180 vendentem
2284 2147 2347 2181 tus

393 2218 432 2251 et
462 2210 623 2252 odores.
678 2209 760 2251 Sed
791 2209 1043 2250 redeundum
1074 2216 1136 2251 cst
1164 2211 1206 2251 in
1236 2211 1354 2251 viam.
1403 2210 1609 2264 Vergilius
1639 2211 1777 2265 igitur,
1806 2211 1969 2265 regione
1998 2211 2087 2264 ipsa
2117 2225 2235 2263 quam
2265 2225 2347 2251 me-

392 2282 563 2321 moravit
592 2281 913 2321 recordationem
944 2295 1076 2320 rerum
1106 2281 1227 2320 modo
1258 2282 1299 2320 in
1329 2296 1376 2320 ea
1405 2287 1609 2333 gestarum
1639 2281 1850 2331 excitante,
1881 2281 2073 2321 destituta
2104 2295 2224 2333 quam
2256 2295 2348 2320 coe-

390 2356 507 2404 perat
542 2351 723 2391 oratione
761 2351 801 2390 in
839 2350 1177 2404 interrogationes
1214 2351 1409 2403 abripitur
1439 2349 1629 2390 desiderii
1659 2350 1777 2390 simul
1807 2355 1846 2390 et
1877 2349 2171 2404 desperationis
2200 2355 2344 2390 testes:

392 2436 437 2460 en
472 2422 547 2460 erit
579 2435 768 2473 umquam
797 2421 864 2459 ille
893 2421 990 2468 dies,
1028 2421 1125 2459 mihi
1151 2436 1237 2460 cum
1268 2422 1383 2460 liceat
1412 2428 1480 2460 tua
1510 2422 1635 2460 dicere
1659 2420 1801 2470 sacta?
1840 2435 1885 2459 en
1913 2423 1986 2460 eric
2012 2429 2057 2460 ut
2086 2423 2199 2460 liceat
2228 2427 2347 2459 totum

391 2491 489 2530 mihi
515 2490 628 2541 ferre
659 2504 733 2543 per
770 2490 895 2529 orbem
930 2491 1011 2529 sola
1049 2489 1253 2542 Sophocleo
1295 2497 1362 2529 tua
1401 2492 1581 2530 carmina
1621 2492 1743 2543 diyna
1780 2491 1989 2530 cothurno?
2056 2489 2218 2542 Quippe
2255 2503 2346 2529 cum

390 2559 509 2599 laude
545 2559 691 2599 bellica
728 2559 842 2598 cuius
878 2559 1072 2598 memoria
1106 2559 1279 2611 primum
1311 2561 1439 2599 movit
1468 2565 1645 2599 mentem
1674 2565 1819 2611 poetae
1850 2561 2095 2613 cognatione
2125 2573 2256 2598 rerum
2287 2559 2347 2597 in-

390 2630 545 2668 vitante
581 2629 748 2668 alteram
784 2627 965 2668 eiusdem
994 2628 1070 2667 viri
1099 2628 1289 2667 virtutem
1324 2635 1549 2682 comparat,
1584 2629 1822 2679 identidem,
1857 2643 1907 2668 ne
1938 2628 1988 2668 de
2017 2628 2201 2668 Pollione
2231 2627 2345 2667 dubi-

391 2705 467 2749 tes,
498 2699 548 2738 ab
580 2697 814 2750 aequalibus
846 2697 1105 2748 celebratam,
1136 2712 1240 2749 quae
1270 2699 1310 2737 in
1341 2704 1425 2738 arte
1446 2700 1601 2754 tragica
1621 2713 1726 2738 novo
1748 2713 1857 2738 more
1877 2698 2141 2752 perpolienda
2162 2697 2347 2750 exsplen-

390 2770 490 2808 duit.
549 2767 632 2807 Sed
666 2768 771 2807 hanc
808 2768 1009 2820 duplicem
1048 2769 1218 2807 encomii
1254 2774 1366 2808 tanto
1396 2770 1482 2809 viro
1519 2770 1629 2822 digni
1665 2770 1872 2808 materiam
1907 2769 2001 2808 dum
2032 2769 2159 2807 volvit
2196 2768 2343 2818 animo,

391 2853 483 2879 cum
503 2838 711 2878 voluntate
740 2837 819 2877 hoc
848 2851 993 2890 genere
1024 2837 1278 2890 gratificandi
1309 2839 1436 2878 amico
1467 2838 1691 2878 diffidentia
1719 2839 1897 2878 nascitur
1925 2853 2020 2878 num
2051 2843 2245 2890 quantum
2276 2852 2345 2878 cu-

388 2909 476 2962 piat
504 2907 635 2961 possit
664 2922 841 2960 quoque:
874 2921 921 2947 ea
952 2908 1070 2947 enim·
1087 2907 1147 2948 vis
1178 2914 1240 2948 est
1270 2908 1388 2949 huius
1419 2908 1578 2949 dicendi
1608 2909 1924 2959 consuetudinis,
1954 2922 2075 2961 quam
2095 2907 2343 2949 Ribbeckius

388 2979 430 3018 in
458 2977 597 3019 libello
629 2977 680 3017 de
709 2978 919 3030 particulis
939 2977 1099 3018 Latinis
1131 2979 1187 3031 (p.
1207 2979 1278 3031 34)
1310 2978 1498 3028 declarat,
1530 2985 1574 3018 ut
1604 2980 1638 3019 is
1669 2980 1736 3031 qui
1764 2980 1822 3019 ita
1846 2979 2068 3032 interrogat
2093 2992 2140 3018 en
2166 2980 2239 3018 eric
2260 2993 2345 3018 um-

386 3062 508 3102 quam
535 3048 602 3085 ille
632 3048 712 3085 dies
747 3061 790 3086 se
825 3047 1028 3101 significet
1057 3049 1187 3086 vereri
1223 3062 1273 3086 ne
1304 3061 1521 3098 numquam
1557 3048 1643 3087 dies
1679 3049 1745 3086 ille
1777 3050 1958 3099 quamvis
1989 3048 2175 3087 ardenter
2205 3048 2343 3100 cupiat
